3750 6475
730 854 949 909 ACADEMICIS
968 853 1192 909 TESTIMONIA
1559 855 1602 919 33

317 1024 409 1083 tionis
427 1042 533 1082 nauem
555 1025 757 1082 conuertentis
775 1023 811 1081 ad
827 1024 960 1099 puppim.
997 1024 1084 1082 uides
1103 1026 1215 1100 quanto
1233 1025 1290 1083 hoc
1308 1024 1482 1101 diligentius
1501 1043 1603 1084 curem

319 1131 410 1188 quam
433 1116 487 1172 aut
509 1112 544 1171 de
567 1132 687 1172 rumore
711 1115 764 1172 aut
787 1112 823 1170 de
847 1113 991 1172 Pollione.

408 1201 609 1275 Quuattltanus
626 1204 693 1262 inst.
713 1219 754 1260 ον.
773 1220 808 1259 111
828 1203 856 1276 6,
872 1202 913 1260 64
940 1201 979 1258 Μ.
1004 1201 1122 1259 Tullius
1144 1220 1204 1260 non
1227 1201 1379 1261 dubitauit
1402 1202 1518 1278 aliquos
1541 1204 1602 1260 iam

317 1289 412 1348 editos
442 1290 534 1350 libros
564 1291 631 1349 aliis
662 1295 766 1366 postea
796 1290 915 1365 scriptis
945 1292 1008 1365 ipse
1039 1291 1189 1365 damnare,
1219 1292 1298 1350 sicut
1321 1289 1463 1349 Catulum
1491 1295 1521 1349 et
1543 1290 1601 1348 Lu-

316 1378 428 1437 cullum
1630 1401 1642 1441 ο

405 1469 524 1528 Plinius
545 1473 605 1527 nat.
628 1469 692 1526 trist.
713 1470 824 1527 xxx16
846 1469 882 1527 alc
905 1471 990 1541 aquia
1013 1471 1106 1544 capiti
1129 1469 1250 1528 auribus
1273 1468 1416 1544 priuatim
1438 1468 1601 1544 medentur,

316 1557 410 1617 oculis
438 1576 509 1616 uero
534 1556 753 1616 Ciceronianae.
800 1558 925 1635 dignum
953 1560 1132 1632 memoratu,
1160 1558 1236 1615 uilla
1259 1561 1305 1616 eat
1329 1559 1366 1616 ab
1389 1558 1510 1617 Auerno
1533 1558 1602 1617 lacu

318 1646 459 1705 Puteolos
485 1646 677 1705 tendentibus
700 1646 831 1722 inposita
854 1646 936 1705 litori
1035 1665 1126 1722 quam
1147 1647 1285 1727 uocabat,
1299 1646 1338 1704 Μ.
1363 1645 1465 1705 Cicero
1488 1646 1602 1706 Acade-

316 1735 407 1795 miam
437 1734 475 1794 ab
504 1735 638 1811 exemplo
661 1735 861 1811 Athenarum,
891 1734 934 1792 ibi
962 1736 1134 1811 compositis
1162 1735 1363 1795 uoluminibus
1391 1735 1523 1794 eiusdem
1550 1755 1602 1794 no·

316 1823 405 1883 minis
519 1816 639 1882 ⁷huius
661 1824 693 1882 in
716 1825 802 1900 parte
824 1823 922 1900 prima
1022 1828 1184 1899 eruperunt
1211 1825 1308 1884 fontes
1337 1825 1428 1884 calidi
1527 1826 1600 1884 cele·
1617 1848 1642 1886 ιο

316 1912 396 1972 brati
419 1914 550 1972 carmine
573 1913 707 1971 Laureae
731 1913 813 1971 Tulli
911 1933 1022 1989 ponam
1049 1915 1128 1972 enim
1155 1914 1253 1990 ipsum
1281 1933 1401 1973 carmen
1501 1906 1514 1944 ⁸
1537 1908 1555 1973 ἵ
1572 1963 1600 1974 ..

315 2004 456 2060 nimirum
479 2003 562 2062 loeus
584 2005 648 2078 ipse
672 2002 719 2060 sui
738 2000 888 2061 Ciceronis
910 2003 1017 2062 honori
1039 2003 1096 2062 hac
1119 2002 1209 2079 dedit,
1232 2003 1288 2062 hae
1311 2005 1409 2063 fontes
1433 2020 1500 2061 cum
1517 2006 1600 2079 pata·

315 2091 389 2150 fecit
407 2111 472 2167 ope,
495 2094 539 2165 ut,
558 2091 701 2167 quoniam
718 2094 819 2150 totum
837 2089 951 2169 legitur
969 2094 1033 2151 sine
1051 2091 1109 2150 fine
1127 2110 1182 2168 per
1200 2091 1310 2167 orbem,
1334 2094 1396 2152 aint
1413 2092 1514 2168 pluras
1532 2111 1600 2151 ocu·

314 2180 353 2239 lis
371 2199 448 2257 quae
467 2136 645 2239 merleantur
664 2175 779 2255 aquae?

403 2270 578 2329 Plutarchus
601 2269 726 2328 Lucullo
751 2271 792 2328 42
827 2269 1010 2346 φιλοσοφίαν
1033 2266 1066 2330 δὲ
1088 2278 1188 2328 πᾶσαν
1212 2266 1266 2346 μὲν
1287 2267 1431 2348 ἠσπάζετο
1454 2267 1504 2329 καί
1527 2269 1601 2352 πρὸς
1616 2293 1641 2332 ιο

313 2366 413 2417 πᾶσαν
441 2355 567 2435 εὐμενὴς
594 2349 634 2435 ἦν
661 2355 711 2416 καὶ
739 2356 860 2435 οἰκεῖος,
889 2357 968 2418 ἴδιον
995 2355 1028 2419 δὲ
1050 2366 1103 2437 τῆς
1122 2350 1318 2436 Ἀκαδημείας
1341 2357 1409 2432 ἐξ’
1393 2367 1486 2439 αρχῆς
1509 2357 1601 2439 ἔρωτα

313 2444 364 2505 καὶ
388 2448 477 2524 ζῆλον
500 2444 591 2525 ίσχεν,
615 2444 651 2506 οι1
674 2456 727 2525 τῆς
749 2443 818 2517 νέας
841 2444 1014 2526 λεγομένης,
1042 2447 1146 2526 καίπερ
1169 2445 1326 2526 ἀνθούσης
1348 2447 1412 2509 τότε
1435 2452 1496 2521 τοῖς
1518 2451 1600 2529 Καρ-

314 2535 424 2595 νεαὸοα
446 2535 545 2615 λόγοις
568 2533 618 2594 διὰ
645 2535 794 2610 Φίλωνος,
824 2533 896 2596 ἀλλὰ
923 2545 976 2614 τῆς
1003 2540 1130 2608 παλαιᾶς
1152 2536 1288 2598 πιθανὸν
1310 2534 1406 2616 ἄνδρα
1428 2535 1479 2596 καλ
1502 2536 1601 2598 δεινὸν

313 2623 407 2684 εἰπεῖν
430 2623 493 2684 τότε
515 2623 684 2704 προστάτην
702 2622 826 2703 ἐχούσης
844 2623 896 2685 τὸν
913 2618 1130 2702 Ἀσκαλωνίτην
1145 2617 1306 2704 Ἀντίοχον,
1329 2622 1365 2686 ὃν
1383 2625 1464 2709 τιοίση
1483 2625 1599 2710 σπονδῇ

313 2711 514 2791 ποιησάμενος
542 2712 631 2789 φίλον
660 2710 675 2772 (1
699 2712 892 2786 Λούκουλλος
920 2712 970 2773 καί
997 2712 1213 2792 σνμβιωτην’
1197 2737 1252 2774 αντ
1252 2712 1346 2775 ἔταττε
1374 2720 1436 2788 τοῖς
1465 2716 1600 2787 Φίλωνος
1615 2741 1641 2778 eo

313 2799 470 2882 ἀκροαταῖς
484 2802 532 2876 (cf
484 2802 656 2876 (Lucull.
673 2806 702 2876 4,
706 2806 744 2861 11
754 2795 836 2877 s).
816 2826 858 2862 ων
872 2825 921 2862 και
912 2793 1103 2883 Κικέρων
1085 2826 1134 2882 ην,
1149 2801 1198 2863 καί
1212 2803 1389 2884 σύγγραμμα
1402 2826 1434 2884 γε
1448 2804 1599 2885 ττοίγκαλον

313 2888 451 2968 ἐποίησεν
474 2890 516 2962 εἰς
539 2914 594 3002 την
617 2891 740 2971 αἵρεσιν,
764 2878 834 2951 ἐν
814 2913 837 2974 φ
857 2890 909 2951 τὸν
932 2889 1006 2971 ὑπὲρ
1025 2915 1077 2970 της
1095 2891 1290 3003 καταληψεως
1308 2891 1397 2973 λόγον
1415 2892 1599 2978 Λουκούλλῳ

312 2977 521 3060 περιτέθεικεν,
541 2977 620 3062 αὑτῷ
640 2976 716 3039 δὲ
690 3003 741 3040 τον
760 2979 907 3040 ἐναντίον·
927 2981 1121 3054 Λουκουλλος
1139 2976 1203 3040 (1
1187 2979 1404 3062 αναγίγραιτται
1422 2981 1454 3042 τὸ
1473 2983 1556 3062 βιβλί
1554 3005 1598 3043 ον.

689 3294 887 3362 CODICES
908 3295 1185 3362 ACADEMICI
1204 3299 1228 3363 I

314 3383 416 3438 Ολαοοὶο
434 3388 460 3435 Δ

347 3455 469 3509 meliores
486 3472 508 3507 ιτ
528 3454 692 3521 (Parisinus
711 3459 789 3520 6331,
809 3456 909 3509 Ηολκιί
922 3456 960 3522 P)

485 3544 515 3597 a,
562 3527 659 3581 lurum
676 3542 738 3580 cum
756 3544 778 3578 a
795 3542 941 3580 αοκοοκοκο
958 3529 1014 3593 fere
1031 3543 1089 3579 nou
1107 3534 1234 3592 notatua;
1251 3528 1285 3581 da
1298 3529 1365 3583 tacta
1377 3531 1451 3583 raaia
1464 3546 1534 3597 quac
1547 3530 1597 3584 ad-

485 3614 517 3668 a,
598 3603 732 3651 notantur
749 3614 782 3651 ca
800 3614 902 3665 semper
920 3598 959 3651 aa
976 3614 1064 3651 unum
1081 3616 1103 3650 κ
1116 3601 1254 3667 pertinere
1272 3600 1488 3670 intelleyendam.
1525 3622 1541 3668 ρ
1559 3604 1598 3655 οἱ·

598 3669 674 3722 milia
691 3669 792 3722 ΗαλοιιΙ
811 3670 838 3723 V

347 3739 510 3793 uariorum
527 3756 626 3809 ηοκονα
645 3740 769 3809 aaran]
775 3743 821 3792 θκ

384 3758 575 3877 (Balliotcnqria
597 3828 631 3865 aa
653 3812 671 3881 β
693 3817 744 3877 at,
772 3810 955 3866 Burneianus
976 3827 1011 3865 ea
1028 3814 1059 3877 δ,
1088 3812 1188 3866 Halmi
1206 3817 1231 3866 Α
1254 3830 1288 3867 aa
1306 3832 1333 3880 ε,
1356 3814 1550 3869 Lincolucnaie
1573 3823 1599 3870 et

437 3882 504 3935 ίιλια·
522 3882 622 3952 ΡοφςιίΙ
639 3898 673 3936 aa
690 3885 712 3948 ζ,
732 3882 905 3937 Bodleianaa
922 3898 957 3936 ca
975 3888 1004 3940 κ)

382 3953 476 4006 annia
494 3969 594 4023 qenera
612 3974 633 4006 ω

382 4025 488 4091 aliquot
477 4024 608 4079 tcodtcae
625 4042 659 4079 ea
676 4027 768 4079 uariis
785 4024 929 4095 φοιιονιλινο
947 4044 964 4084 ς

311 4094 415 4149 aaa
432 4098 459 4148 Γ

345 4181 431 4235 yeuua
448 4172 560 4234 αονναφλ
560 4183 606 4220 um
625 4182 640 4220 a
659 4169 697 4236 (p.
713 4172 854 4234 43,,9-47
859 4173 899 4220 14.
919 4171 962 4231 σθ,
966 4172 1050 4220 7-57
1054 4173 1091 4235 ,6)

626 4258 646 4307 λλ

627 4330 644 4363 4¹

608 4312 670 4451 la:
664 4380 744 4446 fera
761 4396 819 4434 nou
837 4389 1059 4436 οοικικοκιονολκο

345 4466 430 4520 φινκε
447 4450 595 4520 interpolat
595 4468 641 4505 ακο
686 4472 703 4520 γ
723 4452 917 4519 (Gadamarta,
936 4455 1037 4508 Hatmi
1051 4454 1089 4521 G)

686 4543 730 4594 a:
747 4540 813 4577 raro
826 4531 1063 4590 commutarant,-
1080 4526 1113 4579 de
1131 4528 1342 4582 οοτνιαλλοκιλικο
1359 4535 1385 4582 et
1402 4530 1475 4583 notu
1492 4531 1595 4613 marai-

736 4596 879 4665 finalibus
897 4613 966 4664 quae
982 4596 1154 4651 adnotantur
1167 4600 1261 4652 arania
1275 4600 1313 4652 ad
1326 4616 1414 4653 nuum
1429 4603 1596 4670 ypeaiuant

684 4686 706 4733 ‘t’

684 4742 738 4879 ἓ]
755 4776 811 4841 scre
828 4790 884 4827 non
903 4777 1103 4829 commemorati

363 5402 453 5443 cronno
467 5404 501 5444 ed.
515 5404 656 5455 Plasberg
