3750 6475
289 875 331 940 68
766 875 951 929 nvovnnvs
971 880 1093 943 ae-ar

287 1044 383 1123 atque
411 1038 610 1123 amplissimo
640 1060 768 1122 quoque
796 1038 985 1125 dignissima
1008 1042 1066 1102 est.
1110 1060 1170 1102 nec
1196 1040 1368 1123 quicquam
1392 1040 1480 1104 aliud
1505 1038 1571 1127 [ut]

286 1146 462 1210 uidendum
486 1149 534 1210 est
556 1145 664 1227 nobis,
688 1167 768 1228 quos
792 1145 932 1230 populus
956 1144 993 1208 R..
1017 1146 1080 1210 hoo
1104 1145 1138 1209 in
1160 1146 1261 1230 gradu
1286 1145 1482 1230 conlocauit,
1507 1148 1573 1211 nisi

286 1276 327 1317 ne
351 1253 428 1336 quid
451 1253 588 1337 priuatis
612 1251 728 1316 studiis
752 1253 791 1316 de
815 1275 912 1337 opera
934 1252 1064 1335 publica
1088 1252 1300 1317 detrahamus.
1347 1253 1432 1335 quod
1452 1254 1479 1317 si
1499 1275 1574 1318 cum

286 1360 380 1445 fungi
403 1381 534 1423 munere
558 1358 752 1423 debebamus
775 1381 841 1423 non
863 1361 959 1424 modo
984 1381 1115 1442 operam
1137 1363 1282 1424 nostram
1304 1381 1459 1443 umquam
1480 1383 1499 1422 a
1517 1382 1576 1445 po-

260 1466 392 1551 spulari
416 1470 509 1530 coetu
532 1465 729 1531 remouimus
758 1465 813 1529 sed
840 1488 881 1529 ne
903 1465 1045 1529 litteram
1070 1465 1199 1548 quidem
1227 1465 1327 1530 ullam
1350 1466 1486 1532 fecimus
1509 1467 1576 1531 nisi

286 1572 460 1654 forensem,
481 1573 554 1654 quis
572 1572 742 1655 reprendet
761 1572 863 1636 otium
880 1577 1041 1656 nostrum,
1061 1572 1117 1656 qui
1135 1574 1170 1636 in
1188 1594 1226 1636 eo
1244 1594 1308 1636 non
1329 1573 1426 1637 modo
1444 1578 1575 1637 nosmet

287 1680 375 1763 ipsos
398 1679 569 1745 hebescere
592 1682 625 1742 et
648 1678 799 1763 languere
822 1679 975 1742 nolumus
999 1679 1170 1742 sedetiam
1189 1683 1226 1742 ut
1245 1679 1394 1763 plurimis
1411 1680 1574 1763 prosimus

286 1787 447 1851 enitimur.
485 1785 627 1850 Gloriam
647 1807 724 1849 uero
745 1808 811 1850 non
834 1785 930 1849 modo
954 1807 1021 1849 nou
1043 1786 1146 1850 minui
1169 1784 1223 1849 sed
1245 1787 1342 1850 etiam
1361 1788 1472 1871 augeri
1490 1786 1575 1850 arbi-

286 1898 410 1958 tramur
437 1915 548 1957 eorum
576 1914 715 1977 quorum
743 1893 782 1956 ad
805 1892 978 1976 populares
1006 1893 1215 1975 inlustrisque
1245 1892 1355 1956 laudes
1385 1891 1444 1956 has
1474 1894 1574 1958 etiam

246 2001 394 2064 ruminus
416 2004 510 2064 notas
534 2001 704 2084 minusque
727 2000 932 2084 peruulgatas
956 1999 1170 2085 adiungimus.

377 2106 460 2172 Sunt
491 2108 589 2170 etiam
623 2107 679 2188 qui
710 2110 830 2192 negent
857 2106 892 2169 in
919 2106 960 2170 iis
989 2107 1045 2189 qui
1071 2107 1108 2169 ia
1134 2106 1255 2169 uostris
1284 2105 1376 2169 libris
1406 2107 1573 2190 disputent
1612 2128 1627 2175 7

285 2214 386 2277 fuisse
405 2235 514 2277 earum
529 2235 636 2277 rerum
652 2214 691 2277 de
711 2213 827 2296 quibus
847 2212 1030 2295 disputatur
1048 2212 1223 2277 seientiam.
1250 2213 1306 2295 qui
1325 2212 1405 2276 mihi
1420 2214 1573 2279 uidentur

285 2342 353 2384 nou
376 2320 480 2385 solum
503 2320 588 2385 uiuis
613 2320 669 2383 sed
693 2322 790 2384 etiam
814 2319 952 2384 mortuis
975 2320 1128 2384 inuidere.

375 2426 489 2492 Restat
511 2450 612 2491 unum
637 2449 738 2512 genus
756 2427 1039 2511 reprehensorum,
1057 2428 1174 2510 quibus
1193 2425 1385 2491 Academiae
1403 2427 1486 2491 ratio
1506 2449 1573 2492 non
1607 2431 1627 2493 3

246 2555 271 2596 rs
286 2535 451 2616 probatur.
486 2533 572 2616 quod
591 2533 724 2618 grauius
743 2532 907 2617 ferremus
926 2534 954 2596 si
973 2534 1143 2617 quisquam
1163 2533 1263 2597 ullam
1283 2532 1484 2617 disciplinam
1502 2534 1575 2618 phi·

285 2640 453 2724 losophiae
471 2641 623 2724 probaret
641 2643 767 2724 praeter
786 2661 855 2703 earn
875 2662 972 2723 quam
991 2641 1059 2723 ipse
1074 2643 1276 2725 sequeretur3
1294 2661 1354 2703 nos
1368 2644 1476 2704 autern
1494 2662 1573 2724 quo·

284 2747 371 2811 niam
405 2750 517 2810 contra
550 2768 660 2810 omnes
696 2747 752 2830 qui
778 2768 810 2812 se
840 2748 919 2811 seire
950 2749 1146 2812 arbitrantur
1178 2747 1283 2811 dicere
1312 2767 1392 2828 quae
1419 2747 1574 2813 uidentur

286 2854 440 2936 solemus,
462 2875 529 2917 non
550 2874 723 2937 possumus
743 2854 822 2938 quin
840 2854 897 2918 alii
915 2876 934 2917 a
952 2853 1047 2918 nobis
1067 2854 1258 2918 dissentiant
1276 2875 1431 2920 recusare.
1462 2879 1574 2939 quarn·

287 2981 384 3042 quam
407 2964 518 3024 nostra
542 2960 675 3042 quidem
700 2982 794 3024 eausa
816 2960 920 3025 facilis
945 2947 1007 3042 est,
1030 2962 1086 3043 qui
1109 2982 1221 3025 uerum
1245 2961 1390 3026 inuenire
1413 2964 1481 3027 sine
1504 2963 1574 3028 ulla

245 3089 271 3128 ae
288 3067 494 3131 contentione
516 3067 668 3132 uolumus
691 3067 789 3150 idque
812 3089 937 3131 summa
956 3088 1031 3131 cura
1050 3067 1221 3150 studioque
1240 3070 1468 3152 conquirimus.
1508 3073 1571 3135 etsi

286 3174 371 3239 enim
396 3174 500 3238 omnis
524 3173 668 3259 cognitio
692 3173 803 3238 multis
827 3177 876 3239 est
899 3174 1066 3239 obstructa
1085 3173 1329 3240 difficultatibus
1349 3197 1448 3260 eaque
1470 3181 1519 3243 est
1538 3182 1571 3243 et

375 3357 389 3403 1
410 3350 487 3403 ahud
510 3352 543 3403 ut
567 3350 723 3403 ardendum
742 3350 841 3416 AVB,
863 3352 910 3405 sed
932 3352 966 3403 ut
989 3367 1097 3405 erasum
1116 3351 1157 3416 A,
1180 3357 1346 3419 conpunctum
1368 3369 1454 3421 supro
1472 3354 1571 3409 addito

287 3435 302 3480 ÷
320 3422 345 3475 is.
361 3438 381 3475 e.
397 3424 440 3475 est
459 3422 494 3488 V,
509 3428 651 3490 praeterea
670 3423 701 3474 ia
718 3423 768 3476 boc
784 3438 872 3490 supra
887 3423 1010 3489 primam
1028 3422 1047 3474 d
1065 3439 1146 3476 erasa
1164 3423 1255 3477 littera
1274 3428 1324 3476 aut
1337 3425 1447 3493 siparum
1460 3424 1531 3495 (AV)
1546 3431 1572 3479 et

283 3495 427 3561 capessatis
445 3492 500 3547 den
517 3510 604 3561 capra
622 3493 680 3547 odd
697 3510 741 3548 rec
759 3495 952 3559 immicaret
970 3492 1111 3561 uitandi),
1130 3494 1162 3546 ia
1179 3495 1387 3549 intercolumnio
1404 3512 1514 3550 erasm
1529 3496 1570 3567 lt

283 3571 316 3619 at
332 3565 399 3630 uid;
417 3564 489 3617 aliut
507 3566 572 3619 olim
589 3566 675 3631 faisse
690 3567 752 3618 'cit
877 3564 944 3617 tR.
965 3565 1023 3618 add
1041 3566 1069 3618 Β
1187 3564 1258 3619 3de
1277 3566 1334 3620 add
1353 3567 1381 3619 Β
1506 3569 1570 3621 tum

284 3653 371 3703 quum
385 3637 417 3689 de
433 3635 577 3690 Goereaeii
590 3637 747 3690 coniecteuo
761 3637 891 3690 Klotziaa
981 3636 1127 3704 oumfungr
1140 3652 1173 3689 ea
1187 3652 1220 3689 eo
1234 3636 1268 3688 feo
1282 3638 1327 3691 ael
1341 3654 1374 3689 eo
1385 3636 1420 3688 fe>
1435 3639 1463 3692 Β

285 3748 337 3796 3.4
365 3718 429 3809 iiim
448 3768 469 3788 ω
489 3708 679 3813 debebamul³
695 3760 751 3796 non
775 3743 816 3808 (h.
831 3760 852 3797 e.
875 3745 903 3795 et
926 3746 995 3810 non)
1018 3760 1062 3797 ree
1081 3743 1112 3808 V,
1130 3743 1162 3794 ia
1185 3744 1274 3797 codem
1293 3751 1357 3812 post
1378 3742 1459 3797 urim
1483 3748 1523 3811 (a.
1541 3750 1571 3814 4)

284 3816 316 3867 ia
334 3821 449 3869 extreme
468 3832 550 3869 amru
568 3816 682 3883 oppleta
700 3832 744 3869 rec
762 3829 792 3880 a,
811 3821 875 3868 ante
893 3831 989 3868 uersas
1007 3815 1042 3868 ab
1055 3820 1161 3881 umqua
1175 3821 1200 3868 et
1214 3833 1232 3868 a
1246 3814 1293 3867 led
1308 3820 1348 3882 (a.
1364 3819 1392 3883 ὅ)
1408 3817 1571 3885 incipientes

283 3886 347 3939 item
366 3887 384 3939 b
404 3892 429 3940 et
447 3902 476 3951 c,
493 3885 571 3941 eredo
590 3892 621 3940 at
639 3886 842 3957 sipaificaretar
860 3885 1031 3939 debebamus
1050 3892 1076 3939 et
1092 3885 1275 3952 remouimus,
1299 3903 1368 3954 qaae
1391 3889 1423 3941 ia
1445 3890 1571 3943 acratas

284 3972 302 4009 a
321 3962 346 4011 et
363 3957 382 4009 b
401 3964 478 4024 aaut,
496 3962 616 4012 correcta
635 3974 689 4013 esee
708 3958 746 4010 od
763 3955 896 4022 facimus,
916 3956 988 4025 qaod
1006 3958 1037 4009 in
1056 3973 1071 4008 c
1089 3962 1128 4011 eet
1234 3963 1251 4009 4
1269 3973 1424 4026 numquam
1437 3958 1494 4014 dett
1512 3961 1571 4015 Vea

282 4030 367 4095 tbmr,
394 4029 466 4097 quod
491 4029 585 4083 dubito
611 4046 649 4081 aa
672 4045 729 4082 noa
752 4029 933 4081 necessarium
955 4029 992 4081 sit
1010 4029 1042 4080 ia
1061 4028 1114 4081 hoe
1130 4028 1312 4082 similitudine
1330 4030 1572 4098 praedicatorum,

284 4100 367 4154 Liuii
380 4101 488 4169 quidem
504 4116 561 4153 aaa
574 4101 706 4155 dissimile
720 4100 769 4152 hoc
782 4106 821 4153 eet
833 4118 910 4151 xxxn
924 4103 984 4164 2051
1000 4099 1071 4151 haec
1087 4098 1247 4152 adhortatio
1261 4100 1399 4168 praetoris
1414 4118 1470 4154 non
1484 4104 1570 4157 modo

284 4187 454 4239 quemquam
472 4189 559 4224 unum
578 4170 677 4224 elicuit
695 4169 732 4223 ad
751 4170 927 4223 suadendum
946 4169 996 4222 sed
1014 4186 1051 4223 ue
1069 4169 1213 4224 fremitum
1232 4170 1347 4238 quidem
1371 4172 1421 4224 aut
1444 4190 1571 4227 murmur

284 4242 423 4296 contionis
439 4241 586 4295 ...mouit
600 4243 645 4309 (cf
654 4262 708 4295 xxv
723 4245 814 4309 ae‚10)
977 4246 993 4294 5
1018 4243 1130 4295 coctura
1152 4242 1293 4295 mouimus
1309 4250 1342 4298 ut
1359 4243 1411 4297 uid
1427 4261 1489 4300 corr
1508 4262 1570 4299 eoe-

283 4313 511 4367 tusremouemus
526 4313 591 4379 AV,
614 4314 661 4368 sed
679 4315 711 4367 ia
729 4314 757 4365 A
775 4314 857 4367 etiam
871 4313 967 4382 primo
985 4329 1001 4366 e
1019 4315 1108 4367 acacio
1132 4330 1184 4381 qao
1202 4315 1282 4368 modo
1301 4331 1335 4368 ecc
1352 4331 1413 4369 corr
1431 4321 1457 4369 et
1474 4317 1572 4369 «umus

283 4404 405 4458 radendo
423 4404 591 4468 restitutum
610 4418 659 4455 eae
673 4386 853 4474 turelmouuir
863 4419 900 4470 pr
915 4403 943 4456 Β
1041 4401 1122 4454 illam
1137 4418 1175 4469 pr
1195 4402 1221 4455 V
1306 4403 1433 4456 faee1mul
1448 4422 1482 4459 ea
1500 4405 1569 4459 faceo

283 4493 311 4545 A
329 4477 415 4546 faeini
435 4492 486 4545 VB
596 4496 610 4543 7
630 4490 775 4565 *apsrmul
789 4508 822 4545 ea
840 4490 1017 4560 promsrmus,
1035 4492 1157 4559 sequitur
1176 4491 1223 4545 sed
1244 4496 1283 4559 (a.
1299 4496 1328 4560 8)
1348 4493 1453 4547 additia
1472 4496 1503 4547 ia
1522 4512 1568 4565 mp

283 4564 413 4630 inferiore
432 4579 501 4631 qaae
519 4565 620 4617 omissa
638 4570 717 4618 erant
731 4564 758 4616 Β
848 4568 864 4615 8
882 4564 1027 4628 emtmrur,
1046 4564 1078 4615 ia
1096 4578 1111 4616 e
1129 4565 1219 4617 macic
1238 4564 1305 4632 qaid
1323 4582 1384 4618 corr
1402 4565 1429 4618 A
1448 4568 1570 4620 enititur

280 4652 317 4703 pr
337 4636 364 4716 V
459 4633 611 4687 mmuialed
638 4652 671 4689 ecc
689 4634 832 4687 minulsset
850 4634 878 4688 A
900 4634 1005 4687 mlnull'
1021 4632 1045 4686 n
1059 4650 1097 4701 pr
1116 4634 1143 4688 V
1262 4642 1293 4687 11
1313 4634 1343 4688 in
1362 4635 1420 4689 odd
1438 4637 1494 4691 Aac

285 4748 317 4795 12
338 4741 497 4809 disputetur
514 4742 540 4795 ci
554 4740 690 4796 Eraeetm
805 4746 836 4794 17
858 4740 918 4795 offis
934 4740 1078 4820 qurdrcere
1097 4706 1569 4811 qudddidentm(ali1saddrec)A

284 4849 345 4903 offis
361 4847 503 4929 quidrcere
524 4848 527 4920 l
544 4829 751 4930 qhiiimdentur
765 4851 877 4918 parietis
895 4849 1033 4917 subquae
1048 4848 1466 4928 mmis(itaomnelqu1drcere
1483 4868 1570 4918 quae-

283 4938 417 4991 mdentur
435 4938 503 5005 Fr),
527 4940 558 4991 ia
582 4955 626 5009 my
644 4942 663 5006 ᾇ
680 4936 697 4989 l
715 4955 764 5005 qui
783 4937 851 4990 serre
868 4937 870 5007 l
888 4924 1067 4990 l1b1.u1dent
1089 4941 1128 5004 (et
1144 4938 1184 4991 rie
1203 4953 1299 4991 omnes
1318 4937 1410 4991 dicere
1429 4939 1479 5007 qui
1497 4941 1569 4994 scire

284 5008 339 5062 sibi
357 5009 491 5062 uidentur
505 5010 588 5078 Reor)
609 5011 636 5064 V
651 5024 746 5063 omnes
769 5008 817 5075 qui
836 5007 907 5061 scire
926 5008 981 5062 sibi
1000 5008 1134 5062 uidentur
1152 5008 1245 5062 dicere
1265 5025 1338 5077 quae
1356 5009 1490 5063 uidentur
1513 5013 1570 5066 dett

284 5142 305 5164 ω
321 5115 370 5184 qui
389 5132 418 5169 se
437 5114 508 5171 seire
526 5116 701 5170 arbitrantur
715 5142 736 5162 ω
755 5133 788 5169 ea
801 5115 901 5169 Halmi
920 5115 1075 5168 coniectura
1095 5116 1123 5182 b,
1141 5116 1174 5182 cf
1179 5133 1209 5184 p.
1226 5121 1286 5183 695
1402 5121 1436 5169 18
1459 5095 1517 5171 alia
1541 5121 1569 5174 Β

374 5187 537 5242 dissentient
551 5191 579 5244 Β
689 5193 721 5240 19
741 5188 821 5252 nram
841 5187 868 5240 V
881 5186 966 5251 nias,
985 5201 1003 5237 a
1021 5203 1034 5239 e
1052 5202 1113 5240 cerr
1126 5187 1222 5241 ataid
1236 5188 1263 5240 A
1281 5194 1348 5240 ura*
1366 5188 1418 5259 [m]
1433 5189 1461 5241 Β

283 5329 389 5384 facilrie
403 5346 464 5385 corr
477 5272 625 5403 faediidrlt,
644 5331 676 5383 ia
693 5348 738 5400 rap
750 5328 780 5381 l·
793 5327 904 5382 facrhor
922 5328 946 5380 V
