3750 6475
304 863 392 918 rano
735 857 967 914 Acronmovs
985 858 998 911 1
1016 864 1150 926 uri-n
1539 859 1583 922 41

389 1021 478 1100 Quae
502 1044 575 1087 curn
598 1027 704 1087 essent
728 1022 822 1105 dicta,
845 1020 881 1086 in
903 1025 1078 1106 conspectu
1102 1022 1304 1087 consedimus
1329 1044 1448 1088 omnes.

247 1153 282 1202 15
389 1128 471 1195 Tum
494 1129 599 1194 Varro
627 1131 674 1194 its
703 1150 834 1194 exorsus
864 1133 925 1193 est:
957 1125 1123 1193 «Socrates
1152 1130 1232 1194 mihi
1262 1130 1404 1213 uidetur,
1433 1130 1466 1193 id
1496 1130 1584 1213 quod

300 1241 427 1303 constat
454 1236 539 1302 inter
566 1258 689 1322 omnes,
718 1236 842 1320 primus
866 1259 885 1300 a
907 1235 1004 1300 rebus
1027 1236 1163 1301 occultis
1187 1241 1220 1300 et
1242 1235 1283 1300 ab
1306 1237 1377 1321 ipsa
1398 1240 1514 1301 natura
1536 1236 1583 1299 in-

299 1344 431 1430 uolutis,
454 1345 489 1409 in
512 1344 629 1428 quibus
654 1365 764 1408 omnes
788 1347 862 1408 ante
881 1365 954 1408 eum
973 1341 1160 1427 philosophi
1179 1343 1326 1426 occupati
1343 1343 1485 1423 fuerunt,
1508 1365 1584 1407 euo-

300 1452 424 1516 cauisse
447 1450 687 1536 philosophiam
711 1453 743 1515 et
766 1450 806 1514 ad
828 1451 931 1514 uitam
955 1471 1158 1514 communem
1181 1449 1365 1534 adduxisse,
1392 1453 1429 1513 ut
1457 1450 1496 1513 de
1518 1450 1583 1513 uir·
1610 1472 1625 1512 s

298 1557 423 1623 tutibus
452 1561 485 1622 et
512 1557 551 1621 de
578 1557 668 1622 uitiis
696 1557 894 1640 omninoque
922 1556 961 1621 de
988 1556 1082 1621 bonis
1109 1556 1206 1620 rebus
1232 1561 1265 1621 et
1288 1557 1381 1621 malis
1406 1561 1582 1641 quaereret,

300 1665 449 1730 caelestia
476 1669 583 1729 autem
607 1663 660 1728 uel
682 1664 796 1748 procul
819 1685 888 1728 esse
912 1685 931 1726 a
953 1667 1065 1728 nostra
1087 1663 1272 1750 cognitione
1295 1667 1438 1728 censeret
1461 1664 1527 1750 uel,
1554 1665 1583 1727 si

246 1795 279 1843 16
298 1772 438 1837 maxime
461 1770 592 1858 cognita
614 1773 730 1855 essent,
752 1770 836 1834 nihil
857 1775 967 1836 tamen
990 1770 1031 1834 ad
1053 1769 1135 1834 bene
1157 1770 1340 1834 uiuendum.
1381 1770 1436 1837 hic
1459 1771 1493 1835 in
1516 1792 1582 1835 om-

299 1878 395 1943 nibus
418 1877 484 1943 fere
504 1877 714 1959 sermonibus,
737 1879 793 1962 qui
816 1876 857 1942 ab
881 1877 908 1942 is
930 1878 986 1961 qui
1005 1876 1098 1940 illum
1116 1877 1287 1941 audierunt
1304 1878 1475 1961 perscripti
1494 1879 1582 1942 uarie

298 1985 491 2069 copioseque
519 1989 607 2069 sunt,
637 1985 683 2048 ita
712 1984 856 2068 disputat
885 1988 922 2048 ut
952 1983 1036 2048 nihil
1064 1984 1213 2049 adfirmet
1243 1984 1312 2068 ipse
1339 1983 1465 2049 refellat
1492 1984 1625 2067 alios,1o

298 2091 381 2156 nihil
405 2114 438 2156 se
462 2092 543 2156 scire
567 2092 652 2156 dicat
674 2091 738 2154 nisi
761 2091 794 2154 id
817 2091 933 2176 ipsum,
957 2112 1060 2175 eoque
1083 2095 1245 2175 praestare
1268 2091 1396 2175 ceteris,
1423 2091 1509 2175 quod
1532 2091 1582 2154 illi

300 2212 382 2284 quae
404 2198 549 2263 nesciant
572 2198 654 2262 scire
677 2220 710 2263 se
734 2201 859 2283 putent,
882 2197 951 2281 ipse
975 2219 1008 2262 se
1031 2197 1114 2262 nihil
1137 2198 1217 2262 scire
1240 2199 1273 2262 id
1295 2221 1397 2262 unum
1420 2199 1515 2282 sciat,
1541 2198 1583 2261 oh

299 2327 435 2389 eamque
462 2327 530 2369 rem
559 2327 593 2369 se
620 2305 769 2370 arbitrari
796 2303 837 2368 ab
860 2303 1014 2388 Apolline
1042 2303 1186 2369 omnium
1215 2304 1488 2388 sapientissimum
1516 2327 1586 2371 esse

299 2412 436 2496 dictum,
464 2411 551 2495 quod
577 2410 657 2476 haec
684 2415 769 2476 esset
797 2433 861 2475 una
887 2408 1030 2475 hominis
1055 2411 1225 2494 sapientia,
1254 2432 1321 2475 non
1344 2412 1494 2476 arbitrari
1518 2435 1587 2478 sese

299 2519 380 2584 scire
405 2519 493 2602 quod
515 2517 644 2583 nesciat.
691 2540 772 2601 quae
800 2539 873 2582 cum
902 2517 1021 2582 diceret
1046 2522 1231 2583 constanter
1253 2522 1286 2582 et
1308 2518 1343 2582 in
1366 2540 1403 2582 ea
1426 2522 1587 2584 sententia
1603 2547 1629 2587 rs

298 2628 509 2710 permaneret,
532 2625 638 2689 omnis
662 2624 731 2688 eius
755 2624 859 2689 oratio
882 2627 1011 2688 tantum
1034 2625 1069 2688 in
1091 2623 1214 2689 uirtute
1237 2623 1396 2688 laudanda
1419 2630 1451 2690 et
1474 2627 1508 2689 in
1533 2625 1589 2690 ho-

300 2731 441 2797 minibus
465 2730 505 2793 ad
529 2732 660 2796 uirtutis
685 2731 827 2795 studium
851 2731 1059 2796 cohortandis
1083 2731 1345 2816 consumebatur,
1376 2736 1412 2796 ut
1436 2754 1452 2795 e
1477 2731 1589 2796 Socra·

390 3002 403 3048 1
425 2999 519 3050 essent
538 3015 572 3064 γς
589 2997 746 3051 coniectura
764 2995 811 3050 sed
829 3003 896 3050 recte
910 3003 997 3064 puto5
1016 2997 1083 3049 sunt
1102 2997 1287 3055 sLambinus
1306 2996 1363 3049 sint
1381 3000 1462 3052 ceteri
1475 3004 1591 3066 propter

298 3067 410 3137 possint
423 3074 494 3136 puto
508 3085 538 3136 p.
553 3071 640 3131 4034.
661 3081 735 3134 quae
754 3083 818 3120 cum
833 3067 912 3121 dicta
927 3068 1092 3122 Gulielnrius
1106 3068 1161 3121 tbrn
1176 3069 1362 3122 bmanwtrum
1376 3075 1534 3136 queuerentes
1548 3070 1594 3136 (cf

300 3140 428 3194 Heluius
443 3139 567 3193 ‘lanian
580 3139 640 3192 und
652 3138 780 3207 Menipp’
787 3156 818 3207 p.
830 3143 881 3191 150
895 3156 923 3191 n.
935 3141 974 3204 1),
988 3141 1067 3193 cuius
1081 3140 1163 3192 etium
1177 3142 1280 3193 ercitum
1293 3139 1403 3210 suqiens
1417 3157 1512 3195 omnes
1527 3158 1589 3194 cun

300 3211 440 3266 Duran
455 3210 498 3265 dci
511 3228 534 3265 r.
549 3209 581 3264 dc
594 3210 642 3277 bn.
657 3227 674 3263 v
689 3212 747 3265 cuit
765 3211 796 3264 in
814 3209 987 3280 perreximus
1007 3225 1103 3264 omnes
1123 3210 1275 3277 (Varronis
1293 3229 1304 3263 1
1322 3228 1373 3266 rer.
1392 3219 1459 3267 rust.
1480 3215 1511 3267 in
1529 3212 1587 3266 fac-

299 3285 362 3337 tum
384 3279 556 3336 discedimus
579 3286 696 3350 omnes).
723 3288 792 3336 certe
817 3298 914 3336 omnes
936 3283 970 3336 de
993 3284 1081 3337 tribus
1104 3282 1207 3337 dictim
1229 3299 1287 3337 non
1309 3284 1402 3337 debuit
1426 3300 1589 3352 quostquam

299 3354 447 3422 offnrdere:
470 3354 598 3407 Hortens.
618 3353 654 3419 fr.
671 3357 703 3406 16
720 3354 762 3407 M.
789 3369 854 3406 cum
875 3354 994 3421 uterque
1018 3357 1146 3406 nostrum
1171 3353 1338 3408 adnuisscnt
1363 3371 1515 3423 omnesque
1536 3398 1586 3410 ...

299 3423 484 3491 uenissemus,
501 3424 611 3479 Lucult.
627 3429 724 3491 44,135
740 3424 807 3478 med.
825 3426 898 3478 Min.
914 3424 975 3478 Fel.
990 3430 1051 3491 4,1,·
1068 3426 1151 3479 etium
1164 3426 1197 3479 de
1211 3424 1317 3479 dnobus
1332 3425 1440 3481 launi.
1457 3430 1534 3493 laos
1554 3428 1589 3481 de

298 3532 348 3599 pin.
363 3536 494 3598 1132,105
603 3537 618 3583 2
638 3508 673 3599 q⁰o
694 3530 767 3593 pltat
785 3533 859 3585 mter
872 3533 904 3585 in
917 3548 965 3585 ras
979 3548 1016 3596 u‚·
1034 3530 1064 3583 id
1078 3531 1154 3598 quod
1171 3533 1283 3585 constat
1296 3531 1370 3586 inter
1385 3548 1480 3586 omnes
1495 3534 1538 3587 det
1551 3552 1588 3600 nr,

299 3620 378 3671 quens
400 3609 496 3658 contra
518 3604 583 3657 uide
608 3603 757 3656 Vahlenun
776 3619 895 3671 prooem.
916 3602 1117 3672 1899s1900‚4s
1135 3604 1217 3657 Brut.
1237 3607 1329 3671 2330)
1456 3610 1471 3655 3
1494 3603 1530 3657 ab
1554 3622 1588 3659 en

300 3675 409 3730 ‘Meto’
430 3674 473 3729 del
493 3674 626 3739 Ursinus‚·
644 3674 675 3739 cf
693 3674 818 3739 Tin.1,1
946 3678 963 3725 4
982 3672 1113 3727 omnibus
1132 3678 1158 3725 A
1274 3674 1387 3728 fuerant
1405 3677 1432 3729 ci
1449 3676 1589 3731 Ernestns

390 3751 405 3798 6
426 3745 460 3798 de
479 3752 544 3799 unte
561 3744 641 3798 uitiis
660 3760 703 3798 on
717 3746 820 3799 Atbmr.
840 3744 1111 3811 esnefiu.1vss‚71
1132 3744 1169 3797 ad
1187 3744 1308 3799 uirtutes
1327 3748 1356 3799 et
1375 3747 1411 3799 ad
1427 3746 1500 3800 uitia
1514 3747 1587 3800 nihil

299 3818 445 3883 interesse,
462 3832 628 3885 quamquam
647 3832 714 3870 usus
729 3817 866 3871 Ciceronis
884 3818 1044 3871 inconstans
1062 3822 1108 3881 est,
1126 3823 1158 3871 nt
1171 3834 1202 3885 p.
1218 3821 1297 3882 suls
1315 3824 1342 3872 et
1359 3823 1419 3882 43st
1438 3820 1533 3873 scribit
1552 3818 1587 3873 de

298 3888 362 3941 uita
384 3891 414 3942 et
435 3887 575 3954 moribus,
598 3888 669 3941 idem
691 3890 723 3941 in
745 3904 774 3941 re
796 3889 889 3943 eudem
912 3888 948 3941 de
965 3887 1028 3941 uita
1046 3891 1076 3941 et
1095 3887 1130 3941 de
1148 3887 1273 3941 moribus
1291 3890 1324 3943 de
1341 3907 1371 3943 re
1384 3907 1415 3958 p.
1434 3909 1444 3941 1
1465 3894 1542 3956 10‚16
1561 3897 1588 3946 et

303 3961 381 4015 Tusc.
401 3978 433 4011 111
452 3963 505 4025 4‚8‚
524 3965 548 4013 et
565 3960 692 4013 sinriliter
709 3961 806 4013 esuriat
824 3961 855 4013 in
873 3960 939 4014 aliis
1058 3965 1072 4011 7
1093 3961 1188 4013 censet
1210 3976 1244 4013 cn
1263 3962 1429 4015 Bulliolensi
1446 3961 1588 4016 Danisius

299 4046 412 4084 censere
432 4031 575 4085 Walterus
696 4034 712 4083 8
732 4029 858 4083 conferre
872 4038 937 4099 post
953 4030 1110 4084 uiuendum
1128 4031 1186 4085 add
1203 4032 1270 4086 libri
1287 4033 1429 4102 Poqqinni
1445 4040 1587 4099 corrector,

298 4105 363 4157 item
381 4102 465 4168 Rom,
489 4100 599 4155 adferre
622 4101 801 4156 Drecbsleuus
819 4103 916 4170 eptem.
936 4118 1028 4173 qann.
1048 4103 1187 4174 Austriuc.
1208 4121 1302 4155 xxxvu
1318 4107 1382 4170 724,
1408 4103 1503 4157 ualere
1522 4112 1587 4173 post

297 4177 394 4228 tamen
414 4179 434 4239 t,
452 4172 545 4226 fecere
563 4174 650 4227 deesse
663 4174 785 4241 putabat
803 4172 940 4227 Klotsius.
960 4174 1081 4243 intelleqe
1094 4176 1190 4241 potius
1208 4189 1269 4228 esse
1289 4173 1352 4243 (τὴν
1371 4174 1494 4244 φυσικὴν
1511 4180 1585 4230 θεω-

299 4242 365 4311 ρίαν
383 4244 471 4313 μηδὲν
490 4238 564 4298 εἶναι
582 4240 653 4310 πρὸς
669 4243 743 4312 ἡμᾶς
763 4244 843 4313 Dioq.
864 4242 957 4299 Lacr-l.
977 4264 997 4297 11
1017 4249 1065 4310 21,
1092 4246 1204 4298 rectene
1223 4261 1261 4298 an
1279 4262 1359 4300 secus
1378 4246 1451 4299 nihil
1470 4246 1506 4299 ad
1525 4263 1585 4313 nos,

299 4321 350 4369 aut
369 4315 393 4368 si
411 4313 448 4368 sd
467 4331 517 4368 nos
536 4314 608 4368 nihil
627 4314 664 4367 ad
682 4314 736 4367 hoc
754 4317 866 4383 tempus
885 4317 916 4369 in
934 4317 993 4370 Pis.
1013 4320 1114 4383 28‚68).
1132 4317 1251 4386 fiquroin
1265 4324 1330 4385 post
1350 4317 1522 4371 Gronouinn
1540 4335 1585 4372 en-

293 4388 398 4457 plicuit
414 4404 430 4440 r
555 4391 570 4439 9
590 4386 625 4439 iis
644 4406 661 4439 ν
679 4385 735 4439 hiis
754 4406 775 4454 φ
794 4385 838 4439 his
857 4386 913 4452 sere
931 4389 1012 4442 ceteri
1137 4392 1170 4440 10
1190 4387 1358 4455 copioseque
1379 4390 1474 4448 Γδεθς
1492 4391 1521 4443 et
1540 4406 1585 4443 co·

298 4457 378 4527 piose
398 4473 414 4516 ς
433 4457 588 4511 Lambinus
607 4459 725 4525 poterut
742 4464 894 4526 utrunque,
913 4459 946 4525 cs
954 4462 982 4525 r)
1002 4457 1114 4527 copiose
1132 4461 1212 4512 ceteri
1321 4465 1352 4511 11
1372 4462 1498 4527 prestare
1517 4475 1547 4513 se
1566 4480 1586 4528 μ

298 4529 410 4599 pltare*
430 4529 495 4600 [11],
514 4528 611 4582 deinde
630 4528 730 4582 ceteris
749 4530 781 4583 in
797 4546 854 4595 rus,
872 4546 894 4582 n
1022 4534 1054 4582 12
1073 4532 1177 4597 putant
1195 4550 1254 4598 μηφ
1383 4536 1415 4583 13
1435 4548 1464 4584 se
1482 4548 1542 4584 rem
1561 4534 1589 4584 Γ

389 4600 535 4654 hominum
557 4602 584 4653 ci
600 4600 741 4654 Dauisins
764 4598 884 4668 (μηδένα
903 4602 986 4655 Plato
1004 4602 1076 4669 apol.
1091 4605 1123 4652 21
1140 4602 1181 4666 A,
1204 4600 1312 4670 μηδένα
1330 4602 1493 4668 ἀνθρώπων
1512 4604 1583 4656 ch.

298 4672 371 4742 apol.
388 4677 430 4737 14,
452 4672 565 4738 ἀνδρῶν
582 4668 697 4724 πάντων
716 4687 811 4725 uersus
829 4675 923 4733 notus)
1033 4675 1066 4724 14
1086 4671 1205 4743 dictum]
1225 4672 1382 4726 iudicatum
1400 4674 1433 4727 de
1451 4674 1587 4728 Lambini

298 4745 455 4798 coaucturu
472 4742 643 4807 soburinas,
668 4743 699 4808 cf
713 4742 746 4795 de
763 4758 818 4795 sen.
839 4747 917 4809 11,ἵὸ
937 4743 1016 4797 Luci.
1035 4747 1145 4808 2,7.10.
1165 4749 1226 4808 4,13
1250 4744 1309 4797 Val.
1327 4746 1408 4798 Mun.
1423 4763 1455 4796 111
1469 4750 1486 4796 4
1500 4752 1551 4799 ext.
1569 4750 1583 4797 1

387 4813 510 4868 hominis
529 4816 556 4866 Γ
578 4812 669 4866 omnis
687 4818 767 4867 Atnn
794 4812 907 4867 omnino
927 4814 953 4868 ci
971 4815 1115 4868 Ernestus.
1148 4816 1181 4881 cs
1194 4817 1277 4871 Pluto
1295 4818 1367 4885 apol.
1388 4821 1421 4868 23
1441 4817 1469 4869 A
1487 4818 1584 4870 κινδυ-

299 4884 375 4939 νεύει
394 4928 399 4938 .
417 4928 422 4939 .
439 4928 444 4937 .
463 4889 501 4955 τῷ
521 4882 582 4939 ὄντι
600 4882 616 4939 ὁ
635 4880 704 4946 θεὸς
723 4884 810 4951 σοφὸς
828 4879 970 4939 εἶναικαὶ
989 4885 1077 4958 ἐντῷ
1095 4891 1208 4959 χρησμῷ
1224 4886 1312 4959 τούτῳ
1331 4895 1414 4942 τοῦτο
1432 4885 1522 4956 λέγειν
1541 4885 1586 4941 ὅτι

298 4956 317 5025 ἡ
336 4953 504 5025 ἀνθρωπίνη
524 4952 611 5023 σοφία
629 4952 723 5025 ὀλίγον
742 4951 818 5017 τινὸς
837 4952 903 5020 ἀξία
922 4955 996 5010 ἐστὶν
1015 4958 1064 5010 καὶ
1082 4955 1199 5020 obdsvo's
1302 4974 1331 5011 se
1350 4977 1417 5027 γφ,ς
1430 4959 1485 5013 tbur

300 5032 335 5081 16
353 5029 465 5081 tantum
483 5028 623 5082 Duuisius
637 5028 675 5081 ud
688 5028 818 5082 Luctant.
833 5029 895 5097 epit.
910 5044 970 5096 cap.
986 5032 1030 5094 37,
1048 5027 1122 5093 esde
1135 5046 1164 5084 re
1174 5047 1203 5098 p.
1220 5049 1230 5082 1
1246 5034 1324 5096 1o‚16
1342 5032 1455 5083 tantum
1473 5030 1508 5083 de
1522 5030 1585 5083 uita

299 5100 330 5153 et
347 5098 382 5151 de
400 5099 524 5153 moribus
543 5097 658 5152 solitum
677 5114 738 5152 esse
756 5113 899 5166 quaerere,
920 5099 1005 5169 Dioq.
1024 5100 1119 5153 Laert.
1133 5119 1155 5153 11
1169 5107 1204 5155 46
1223 5100 1295 5155 Seni.
1314 5102 1380 5156 adu.
1399 5101 1482 5155 stroth.
1498 5106 1584 5167 v118;

298 5173 395 5224 tamen
410 5172 464 5236 (itu
478 5187 511 5225 en
526 5169 640 5225 Gruuri
653 5172 808 5225 conunura
822 5173 849 5238 ν)
868 5170 914 5224 uel
927 5172 989 5222 tum
1004 5189 1020 5229 ς
1038 5172 1097 5223 tam
1112 5172 1237 5240 plerique
1344 5172 1505 5226 hominibus
1525 5188 1583 5225 om-

298 5240 382 5295 nibus
400 5242 456 5309 fere
474 5248 500 5295 Δ
518 5243 615 5311 positu
632 5259 651 5296 a
671 5242 807 5297 onerum
825 5242 1022 5296 consuetudine
1039 5243 1130 5297 aluno
1152 5242 1282 5297 omnibus
1300 5243 1461 5297 hominibus
1481 5262 1498 5302 ς
1517 5245 1583 5297 Μα-

298 5314 396 5368 nutius
505 5318 537 5365 17
557 5313 585 5383 e]
604 5314 633 5366 et
651 5332 690 5381 γφ
709 5329 742 5366 ex
761 5314 870 5367 Ascrt
