3750 6475
289 870 332 935 46
710 870 942 926 AcADBMIcvs
960 872 973 925 1
991 878 1150 939 cas-nea
1487 876 1583 933 uam

290 1039 322 1099 et
350 1034 476 1099 iustitia
503 1039 600 1119 atque
628 1033 789 1119 aequitas,
818 1057 939 1119 eaeque
967 1041 1001 1099 et
1029 1035 1255 1119 uoluptatibus
1283 1040 1316 1100 et
1344 1036 1457 1102 multis
1486 1037 1578 1103 uitae

290 1142 468 1206 commodis
490 1142 781 1226 anteponebantur.

379 1248 468 1313 Haec
498 1248 628 1333 quidem
657 1247 721 1312 fuit
751 1247 838 1332 apud
868 1270 924 1313 eos
955 1271 1081 1313 morum
1113 1248 1275 1313 institutio
1304 1253 1336 1313 et
1369 1249 1438 1314 eius
1470 1250 1578 1334 partis

289 1377 386 1440 quam
414 1354 552 1439 primam
580 1355 675 1439 posui
703 1355 807 1418 forma
835 1359 932 1439 atque
962 1355 1146 1439 descriptio.
1192 1355 1231 1419 de
1255 1359 1369 1420 natura
1392 1361 1501 1421 autem
1527 1354 1576 1443 (id
1596 1378 1631 1428 ss

261 1461 373 1531 renim
402 1460 613 1547 sequebatur)
645 1461 692 1526 ita
723 1461 873 1526 dicebant
900 1465 938 1526 ut
965 1484 1036 1527 eam
1064 1462 1245 1526 diuiderent
1273 1462 1305 1525 in
1333 1484 1385 1527 res
1412 1464 1506 1545 duas,
1539 1470 1578 1530 ut

287 1569 389 1633 altera
416 1573 501 1633 esset
528 1567 685 1649 efficiens,
717 1568 817 1632 altera
845 1573 953 1632 autem
983 1569 1073 1652 qnasi
1102 1568 1178 1633 huie
1205 1590 1239 1632 se
1268 1569 1439 1654 praebens,
1471 1592 1576 1656 eaque

287 1676 470 1740 efficeretur
501 1674 631 1759 aliquid.
688 1675 721 1738 iu
753 1697 791 1739 eo
825 1674 911 1758 quod
944 1675 1086 1739 efficeret
1118 1674 1184 1738 uim
1218 1696 1287 1739 esse
1319 1676 1507 1761 censebant,
1541 1677 1576 1743 in

286 1804 324 1847 eo
357 1787 465 1848 autem
499 1783 584 1865 quod
617 1783 799 1846 efficeretur
831 1786 958 1846 tantum
992 1781 1087 1845 modo
1122 1781 1290 1846 materiam
1327 1783 1502 1867 quandam,
1541 1784 1576 1850 in

286 1893 426 1974 utroque
456 1894 565 1954 tamen
595 1893 780 1973 utrumque:
812 1910 916 1974 neque
949 1873 1035 1952 enim
1069 1888 1235 1952 materiam
1267 1889 1371 1971 ipsam
1402 1888 1574 1957 cohaerere

246 2025 273 2064 ro
286 1996 431 2081 potuisse
460 1995 486 2060 si
515 1995 605 2060 nulla
632 1995 665 2060 ui
694 1996 926 2080 contineretur,
956 2017 1062 2078 neque
1092 1995 1159 2059 uim
1190 1995 1258 2059 sine
1288 1995 1397 2080 aliqua
1424 1996 1574 2083 materia,

286 2102 366 2166 nihil
396 2106 446 2167 est
474 2103 560 2167 enim
588 2103 674 2185 quod
701 2125 765 2167 non
789 2102 908 2168 alicubi
936 2124 1005 2166 esse
1030 2106 1172 2188 cogatur.
1218 2102 1274 2167 sed
1302 2102 1387 2186 quod
1416 2126 1455 2168 ex
1483 2107 1575 2169 utro·

286 2231 362 2293 que,
394 2209 427 2273 id
455 2209 518 2273 iam
548 2230 666 2292 corpus
694 2213 727 2273 et
755 2209 846 2293 quasi
878 2208 1068 2293 qualitatem
1099 2207 1258 2293 qumrdam
1289 2208 1499 2275 nominabant
1528 2248 1574 2259 —

286 2315 404 2380 dabitis
432 2315 518 2380 enim
545 2315 691 2399 profecto
720 2320 757 2379 ut
784 2316 817 2379 in
846 2317 942 2381 rebus
971 2316 1148 2399 inusitatis,
1181 2316 1267 2400 quod
1295 2314 1407 2380 Graeci
1434 2316 1497 2400 ipsi
1527 2318 1573 2382 fa·

285 2422 374 2487 ciunt
404 2445 423 2486 a
454 2422 573 2506 quibus
602 2421 681 2485 haec
711 2423 775 2486 iam
805 2423 860 2486 diu
890 2427 1084 2504 tractantur,
1113 2427 1244 2487 utamur
1270 2422 1379 2486 uerbis
1406 2422 1572 2489 interdum

1593 2498 1611 2561 ‘l

245 2559 270 2598 n
284 2529 465 2594 inauditis.»
512 2528 598 2593 «Nos
626 2551 722 2593 uero»
751 2528 857 2613 inquit
880 2529 1022 2614 Atticus,
1052 2529 1151 2613 <quin
1178 2528 1275 2593 etiam
1304 2526 1432 2594 Graecis
1459 2530 1572 2597 licebit
1591 2574 1625 2624 ab

285 2639 375 2701 utare
407 2658 480 2700 cum
513 2635 616 2719 uoles,
648 2635 675 2699 si
707 2639 740 2700 te
762 2634 878 2699 Latina
910 2636 995 2700 forte
1027 2635 1202 2701 deficient.»
1235 2636 1340 2702 «Bene
1372 2658 1447 2701 sane
1476 2637 1572 2724 facis;

285 2743 340 2807 sed
363 2742 468 2807 enitar
489 2747 526 2807 ut
549 2741 664 2807 Latine
687 2741 814 2826 loquar,
842 2742 904 2806 nisi
927 2743 962 2806 iu
985 2742 1119 2807 huiusce
1142 2743 1230 2808 modi
1253 2742 1374 2828 uerbis,
1403 2748 1441 2808 ut
1465 2743 1571 2828 philo·

284 2848 433 2933 sophiam
471 2852 527 2913 aut
563 2848 755 2913 rhetoricam
788 2854 845 2913 aut
877 2848 1043 2932 physicam
1076 2853 1132 2914 aut
1164 2848 1365 2915 dialecticam
1397 2850 1572 2937 appellem,

285 2956 403 3039 quibus
431 2961 468 3020 ut
498 2955 570 3020 aliis
600 2956 712 3020 multis
742 2954 939 3019 consuetudo
970 2955 1032 3019 iam
1064 2957 1169 3019 utitur
1199 2977 1258 3038 pro
1288 2956 1422 3021 Latinis
1469 2957 1572 3042 quali-

279 3151 386 3218 periori
403 3148 507 3219 fugas,’
532 3156 583 3203 aut
596 3157 660 3217 post
678 3165 771 3203 rerum
788 3166 816 3201 u.
834 3153 866 3200 13
885 3154 936 3202 aut
949 3155 1014 3217 post
1031 3152 1150 3203 naturae
1168 3149 1337 3204 intercidisse
1354 3156 1442 3206 uiuet
1459 3157 1479 3218 t,
1497 3152 1574 3220 quod

282 3222 352 3277 salis
365 3221 508 3290 probabile
525 3220 593 3277 dicit
611 3240 652 3287 rn;
677 3228 708 3277 at
724 3220 865 3276 manuae
883 3221 1012 3277 Halmius
1029 3222 1190 3276 caratinruui
1206 3227 1295 3277 manet
1312 3220 1383 3275 recti
1399 3221 1572 3291 honestique

283 3295 312 3347 et
331 3308 428 3346 aarum
445 3309 538 3348 rerum

373 3370 387 3417 1
408 3379 514 3431 eaeque
533 3370 544 3418 l
562 3380 596 3418 ea
615 3380 685 3432 eque
704 3385 763 3435 μγφ
783 3379 906 3433 eaeeque
926 3381 942 3417 σ
960 3379 994 3417 ea
1013 3380 1067 3431 que
1086 3385 1102 3418 a
1121 3364 1230 3431 haeque
1249 3365 1293 3418 nel
1310 3364 1402 3432 heque
1420 3370 1446 3419 Δ
1466 3369 1482 3433 (
1483 3365 1571 3420 heae-

283 3451 337 3503 que
355 3453 385 3506 a,
408 3435 555 3505 h(a)ecque
574 3441 602 3503 ς)
628 3435 697 3491 haec
716 3436 872 3491 Lambinus
1004 3438 1033 3488 et
1050 3437 1134 3505 priris
1152 3437 1232 3490 tacite
1251 3453 1294 3490 om
1312 3453 1327 3489 r
1457 3435 1572 3510 multis]

283 3506 391 3561 cunctis
410 3508 436 3561 cl
453 3507 593 3562 Dauisius
714 3514 730 3561 2
749 3506 955 3578 anlponebant*
974 3524 990 3559 σ
1108 3512 1123 3558 3
1142 3507 1232 3576 partis
1251 3508 1395 3562 Walterus
1413 3507 1482 3562 artis
1504 3512 1572 3576 ΓΔ,·

282 3579 314 3645 cs
324 3595 353 3646 p.
373 3583 460 3646 43,11.
480 3583 540 3645 437
659 3584 676 3631 4
695 3578 842 3648 discriptio
861 3596 897 3645 m,
915 3581 948 3645 cf
957 3595 986 3647 p.
1008 3583 1067 3645 38,'l
1186 3585 1202 3631 5
1221 3578 1362 3633 docebant
1381 3581 1407 3632 Γ
1422 3579 1508 3646 (nbat
1527 3585 1571 3648 μ),

282 3651 355 3718 quod
377 3666 542 3718 quanquam
567 3651 708 3721 sinqulare
731 3658 770 3706 est
787 3668 848 3706 curn
867 3650 910 3704 ita
927 3652 1102 3705 eorriunclunl
1121 3657 1212 3704 taurum
1231 3667 1326 3704 surana
1345 3667 1398 3705 esse
1416 3666 1474 3705 reon
1487 3667 1571 3721 pesae

281 3722 358 3775 baud
376 3721 558 3776 contenderint
666 3726 681 3773 6
701 3737 735 3775 ea
754 3738 826 3791 quae
843 3737 927 3791 aucus
941 3728 966 3786 t;
985 3735 1074 3788 caque
1094 3721 1147 3786 (ita
1166 3721 1210 3775 uel
1228 3736 1334 3789 eaque
1353 3722 1418 3776 libri
1429 3723 1567 3792 plerique)

281 3794 344 3847 <erola
367 3810 421 3847 esse
444 3794 473 3845 et
491 3807 525 3845 ea
543 3809 601 3858 rea,
624 3799 656 3847 nt
677 3795 770 3848 natira
792 3794 822 3846 in
842 3808 874 3846 eo
893 3792 969 3861 quod
988 3791 1146 3845 efficeretur
1168 3798 1236 3860 etp.
1257 3792 1508 3860 assectantium
1534 3809 1570 3848 aa

282 3881 339 3930 (qua
358 3865 538 3918 Manutiusb
558 3880 591 3917 ex
610 3880 667 3931 qua
688 3865 830 3919 Turnebus
848 3864 1012 3929 Lambinus,
1030 3864 1102 3917 idern
1120 3865 1165 3917 rael
1183 3879 1272 3930 eaque
1291 3880 1324 3916 ex
1343 3879 1399 3931 qua
1418 3865 1462 3918 uel
1480 3879 1514 3919 ea
1534 3881 1570 3920 ex

282 3950 339 4002 qua
356 3936 401 3989 uel
419 3952 452 3989 ex
471 3950 561 4001 caque
575 3935 699 4003 probans
718 3951 752 3988 ex
770 3951 858 4003 enque
877 3935 988 4002 saepsit
1005 3952 1041 4000 ru,
1059 3935 1182 3988 idemus
1199 3951 1252 3988 stra
1270 3936 1425 3989 coniectura
1444 3953 1459 3988 r

283 4011 297 4057 7
318 4004 495 4060 efficerentur
510 4008 541 4070 P,
552 4023 618 4073 pro
638 4009 735 4065 arete
859 4010 875 4058 8
894 4007 1005 4058 tautum
1024 4006 1107 4059 modo
1126 4023 1168 4059 om
1183 4011 1208 4057 ,1
1227 4005 1309 4070 duur,
1331 4007 1378 4060 sed
1397 4013 1408 4060 l
1425 4008 1568 4074 dictitans,

282 4085 308 4132 ct
329 4084 397 4131 cerie
420 4094 476 4130 non
496 4083 610 4145 propter
632 4093 664 4130 ca
686 4077 851 4131 reiciendum
875 4082 913 4131 est
935 4094 1005 4145 quae
1026 4078 1150 4144 pronius
1168 4082 1304 4143 secundun,
1324 4078 1484 4145 praesertim
1504 4095 1568 4134 urna
1615 4079 1618 4086 '

282 4166 314 4203 ca
333 4150 396 4216 ipsa
413 4164 470 4201 lion
487 4149 556 4202 salis
574 4155 700 4203 accurate
718 4165 843 4217 expressa
861 4149 1013 4202 uideantur
1031 4167 1044 4201 e
1065 4148 1191 4216 Graecis,
1214 4165 1283 4218 quae
1306 4149 1375 4203 talia
1393 4150 1500 4216 tuerint
1518 4150 1565 4204 οὔ·

282 4218 396 4287 diaspen
415 4216 442 4272 d'
465 4217 533 4273 ἄνευ
557 4217 681 4286 θατέρου
703 4214 776 4273 εἶναι
795 4217 925 4273 δυνατόν.
963 4220 995 4285 cs
1009 4221 1176 4273 Iarrctunlius
1193 4221 1252 4274 diu
1272 4220 1335 4274 insi.
1355 4240 1395 4273 vn
1413 4226 1455 4287 3,1
1476 4219 1566 4275 Stoici

282 4292 412 4344 naturam
431 4290 460 4344 in
480 4291 663 4359 duas'partea
683 4289 827 4354 diuidunt‚
853 4307 937 4343 unam
956 4307 1028 4358 quae
1048 4290 1166 4356 efficiat,
1189 4290 1307 4345 alteram
1326 4308 1398 4358 quae
1417 4308 1447 4345 ae
1467 4291 1504 4344 ad
1522 4291 1567 4345 fa·

282 4362 413 4417 ciendum
431 4360 610 4415 tractabilem
628 4361 775 4429 praebeat:
800 4362 828 4415 in
848 4361 899 4414 illa
917 4362 1010 4430 prima
1029 4378 1090 4415 esse
1109 4362 1168 4415 uim
1187 4362 1335 4429 sentiendi,
1354 4362 1384 4415 in
1402 4362 1457 4417 hac
1475 4365 1566 4418 matc-

280 4434 364 4499 riam,
389 4449 442 4487 nec
468 4432 588 4487 alterum
614 4433 674 4486 sine
700 4433 788 4487 altero
814 4450 896 4502 posse
923 4438 996 4501 (esse
1015 4449 1096 4502 posse
1116 4435 1285 4488 Parrhasius
1310 4434 1462 4502 quiequam
1481 4450 1566 4502 possa

281 4505 450 4572 Brandtins)
561 4509 593 4557 10
611 4504 671 4558 uim
690 4521 750 4558 esse
769 4505 829 4558 sine
850 4506 967 4561 C'lrrnlio
986 4509 1095 4559 cunctare
1110 4507 1134 4571 b,
1153 4507 1226 4573 qraod
1246 4505 1452 4576 intellependum
1467 4507 1564 4574 protiua

281 4594 363 4645 quam
381 4576 552 4630 scribendum
661 4583 691 4630 11
712 4576 785 4630 nihil
804 4619 810 4629 .
826 4618 854 4630 ..
875 4579 992 4645 cogatur
1010 4593 1044 4630 ea
1063 4577 1196 4630 Larrabini
1214 4578 1369 4644 etiamnunc
1387 4577 1431 4631 dcl
1449 4578 1565 4633 Huelae-

280 4664 415 4713 naannus;
433 4649 465 4713 cf
474 4648 557 4702 Plato
575 4647 642 4701 Tin.
659 4653 691 4700 52
707 4650 763 4702 AB
871 4648 945 4715 quod
966 4664 999 4700 ex
1018 4650 1138 4715 utroque
1158 4650 1306 4712 constaret,
1325 4647 1355 4700 id
1369 4664 1470 4717 corpus
1489 4649 1516 4703 ei
1528 4666 1564 4704 m.

280 4716 311 4773 τὸ
332 4715 360 4773 δ’
377 4717 405 4782 ἐξ
425 4719 532 4786 ἀμφοῖν
550 4717 605 4786 ἤδη
626 4727 702 4787 σῶμα
721 4719 771 4773 καὶ
789 4716 925 4788 ποιότητα
944 4717 1071 4772 ἐκάλουν.
1100 4720 1450 4787 dccllipsict'nauol.1p.
1467 4724 1566 4788 288,13

280 4792 313 4844 ile
327 4792 372 4857 off.
389 4793 426 4857 (a.
443 4795 524 4857 1882)
536 4808 565 4859 p.
583 4795 641 4856 1a‚9
760 4791 926 4845 Plutarchus
939 4791 972 4843 dc
985 4807 1117 4845 cornmuu.
1132 4790 1210 4845 riona.
1226 4795 1260 4842 50
1270 4807 1300 4858 p.
1317 4795 1386 4844 1085
1400 4791 1432 4845 E
1448 4788 1500 4859 τὴν
1514 4789 1567 4861 μὲν

281 4857 382 4916 οὐσίαν
403 4861 452 4915 καὶ
475 4860 526 4930 τὴν
548 4860 618 4930 ὕλην
636 4860 871 4928 inconcinnitate
889 4857 1018 4930 ποιότησι
1036 4859 1146 4930 λέγουσι
1166 4860 1274 4929 (Stoici)
1296 4903 1345 4914 ...
1365 4861 1415 4924 τὰς
1434 4860 1465 4916 δὲ
1483 4860 1565 4917 ποιό-

279 4953 365 5002 τητας
383 4928 419 4986 αὖ
437 4931 522 4986 πάλιν
541 4929 641 4993 οὐσίας
658 4933 707 4986 καὶ
726 4933 838 4999 σώματα
858 4940 982 4986 ποιοῦσι·
1002 4940 1090 4986 ταῦτα
1105 4931 1136 4987 δὲ
1150 4932 1253 5001 πολλὴν
1268 4933 1323 5003 ἔχει
1336 4932 1463 5004 ταραχήν
1481 4935 1566 4989 eliam

280 5004 357 5072 apud
377 5004 538 5070 Ciceronnu,
557 5005 770 5073 esp.48,3.11.
787 5009 819 5056 13
930 5008 962 5055 13
982 5002 1088 5056 habitis
1107 5008 1134 5057 Γ
1151 5008 1224 5070 (eiam
1243 5021 1289 5059 ras
1307 5021 1368 5058 corr
1382 5026 1406 5073 y,
1426 5005 1495 5058 stus
1509 5010 1563 5078 φ,)

279 5074 392 5129 habetis
410 5077 455 5130 nel
472 5074 614 5129 habebitis
634 5094 650 5134 ς
790 5080 821 5128 17
846 5075 938 5128 enitar
956 5075 1049 5141 inquit
1069 5075 1234 5142 Durandus,
1252 5077 1284 5142 cs
1297 5077 1336 5130 ad
1349 5093 1379 5145 ρ.
1394 5080 1456 5143 436

279 5160 345 5237 riut
358 5200 388 5236 m
401 5182 448 5237 sed
461 5184 494 5235 ut
513 5184 586 5236 linea
605 5182 649 5236 del
665 5199 686 5235 a
794 5181 964 5235 eiuscemodi
984 5184 1030 5234 Pa
1140 5188 1171 5235 18
1191 5185 1223 5237 ut
1241 5182 1410 5238 rhetoricam
1428 5185 1455 5238 ei
1468 5190 1480 5240 t
1492 5183 1518 5239 el
1530 5184 1565 5240 de

278 5257 326 5323 fin.
341 5273 375 5307 111
390 5260 441 5320 ub,
460 5259 491 5306 at
508 5254 547 5307 ibi
565 5260 604 5307 est
621 5255 654 5306 ut
671 5253 734 5322 ipsa
753 5252 932 5321 philosophia
1063 5269 1136 5306 ‹vcen
1155 5256 1201 5308 nel
1218 5270 1300 5309 eccm
1319 5256 1352 5308 in
1369 5256 1457 5310 tribua
1474 5257 1564 5310 nomi·

278 5328 361 5381 nibus
375 5344 392 5384 ς
410 5339 483 5377 scen
500 5325 651 5379 Manutius
