3750 6475
291 847 335 913 30
668 849 717 903 Du
735 849 955 905 ACADEMIOES
974 850 1198 907 TESTIMONIA

291 1038 408 1078 omnem
436 1019 642 1093 quaestionem
669 1019 754 1077 libris
782 1021 931 1094 quattuor.
978 1022 1010 1078 in
1040 1022 1083 1080 eis
1114 1039 1191 1096 quae
1221 1025 1307 1081 erant
1336 1025 1440 1081 contra
1466 1019 1578 1082 ἀκατα-

290 1107 405 1185 ληψίαν
424 1108 575 1183 praeclare
594 1108 720 1167 collecta
738 1107 776 1166 ab
794 1108 944 1166 Antiocho
963 1108 1092 1167 Varroni
1111 1109 1192 1185 dedi3
1211 1111 1250 1169 ad
1269 1130 1304 1169 ea
1322 1112 1386 1187 ipse
1404 1110 1579 1186 respondeo,

290 1202 324 1255 tu
348 1215 378 1256 er
401 1197 508 1256 tertius
531 1199 563 1255 in
587 1215 721 1256 sermone
744 1201 855 1256 nostro.
901 1199 927 1256 si
952 1196 1070 1257 Cottam
1094 1203 1124 1258 et
1147 1199 1311 1258 Varronem
1339 1200 1475 1259 fecissem
1497 1201 1580 1260 inter

289 1305 320 1344 se
344 1286 542 1362 disputantes,
564 1291 598 1345 ut
621 1305 639 1345 a
662 1291 691 1345 te
714 1287 857 1361 proximis
880 1285 991 1345 litteris
1014 1287 1187 1361 admoneor,
1210 1308 1309 1347 meum
1332 1286 1437 1365 κωφὸν
1459 1288 1576 1366 πρόσω·

262 1394 348 1434 orror
372 1380 458 1434 esset.
503 1368 579 1435 “hoc
602 1377 634 1433 in
658 1375 790 1451 antiquis
820 1377 955 1449 personis
985 1379 1119 1436 suauiter
1147 1377 1194 1451 fit,
1224 1381 1259 1436 ut
1288 1382 1318 1436 et
1341 1378 1513 1437 Heraclides
1544 1380 1578 1437 in

289 1464 394 1523 multis
423 1470 453 1524 et
480 1483 533 1524 nos
561 1484 594 1523 vr
620 1464 657 1523 de
684 1484 715 1522 re
744 1464 864 1538 publiea
891 1464 976 1523 libris
1003 1465 1135 1525 fecimus.
1182 1471 1252 1526 sunt
1279 1469 1371 1527 etiam
1398 1467 1434 1526 de
1458 1471 1577 1526 oratore

289 1555 385 1613 nostri
411 1557 472 1613 tres
500 1553 574 1612 mihi
602 1556 754 1612 uementer
780 1553 911 1628 probati:
942 1555 1039 1612 ineis
1063 1574 1183 1631 quoque
1206 1574 1259 1614 eae
1281 1574 1424 1631 personae
1447 1559 1518 1614 sunt
1540 1561 1578 1615 ut

289 1642 365 1701 mihi
394 1642 552 1702 tacendum
585 1642 691 1715 fuerit3
724 1641 848 1701 Crassus
880 1643 959 1700 enirn
989 1643 1125 1718 loquitur
1154 1645 1303 1704 Antonius
1333 1645 1456 1705 Catulus
1487 1663 1578 1704 senex

290 1730 320 1789 Ο.
344 1730 439 1790 Iulius
467 1732 562 1790 irater
590 1730 690 1789 Catuli
719 1730 806 1790 Cotta
830 1731 993 1807 Sulpicius:
1021 1752 1113 1808 puero
1142 1753 1188 1791 me
1216 1735 1264 1792 hic
1292 1752 1387 1793 sermo
1415 1735 1579 1808 inducitur,

249 1841 274 1881 ro
288 1824 323 1879 ut
345 1821 446 1880 nullae
470 1839 532 1880 esse
557 1824 678 1896 possent
700 1825 801 1895 partes
824 1839 915 1879 meae.
963 1841 1039 1897 quae
1067 1826 1167 1881 autem
1194 1823 1240 1882 his
1263 1823 1446 1899 temporibus
1470 1823 1577 1899 scripsi

292 1907 512 1990 Ἀριστοτέλειον
540 1928 649 1969 morem
678 1909 801 1984 habent,
831 1912 863 1967 in
891 1928 950 1985 quo
977 1929 1072 1969 sermo
1099 1913 1144 1970 ita
1171 1911 1322 1970 inducitur
1349 1915 1513 1971 ceterorum
1542 1917 1576 1972 ut

291 2017 381 2074 penes
404 2000 503 2075 ipsum
527 1999 567 2057 sit
589 1999 782 2074 principatus.
829 2001 873 2057 ita
901 2000 1013 2058 confeci
1042 1999 1173 2076 quinque
1201 2001 1292 2061 libros
1320 1999 1512 2080 respiretur,
1540 2006 1576 2060 ιιι

290 2088 438 2164 Epicurea
465 2088 498 2145 L.
522 2089 674 2162 Torquato
698 2086 798 2146 Stoica
826 2088 865 2144 M.
890 2086 998 2146 Catoni
1020 2087 1240 2167 Περιπατητικὰ
1267 2089 1306 2148 Μ.
1330 2089 1432 2149 Pisoni
1459 2090 1577 2164 darem,

289 2174 510 2254 ἀζηλοτύπητον
533 2176 564 2235 id
587 2179 650 2236 iore
673 2181 823 2251 putaram,
847 2177 926 2251 quod
950 2195 1050 2236 omnes
1073 2177 1120 2235 illi
1143 2178 1337 2238 decesserant.
1380 2170 1479 2238 bhaee
1497 2180 1575 2238 Aca·

247 2264 402 2327 1sdemica
424 2269 459 2323 ut
481 2268 539 2325 scis
562 2284 629 2324 cum
655 2263 760 2324 Catulo
784 2264 909 2323 Lucullo
933 2266 1094 2325 Hortensio
1118 2267 1311 2327 contuleram.
1357 2287 1428 2328 sane
1451 2269 1482 2326 in
1505 2287 1573 2344 per·

287 2373 375 2414 sonas
398 2374 457 2414 non
481 2353 635 2428 cadebant,
659 2358 744 2412 erant
767 2357 846 2413 enim
870 2354 1045 2434 loyrroireqo
1068 2375 1158 2430 quam
1182 2361 1216 2415 ut
1234 2358 1280 2415 illi
1299 2357 1335 2416 de
1353 2359 1390 2416 iis
1410 2357 1576 2416 somniasse

286 2463 428 2519 umquam
452 2443 633 2502 uiderentur.
679 2446 781 2518 itaque
809 2449 843 2501 nt
870 2445 934 2521 legi
961 2447 1029 2503 tuas
1057 2443 1093 2502 do
1116 2445 1250 2504 Varrone
1273 2450 1429 2523 tamquam
1452 2443 1576 2525 ἕρμαιον

287 2534 402 2608 anipui
430 2525 545 2614 (aptius
573 2550 636 2591 esse
664 2532 739 2590 nihil
763 2534 864 2608 potuit
887 2534 924 2591 ad
947 2532 979 2591 id
1001 2533 1209 2610 philosophiae
1232 2553 1327 2612 genus
1354 2553 1413 2611 quo
1436 2535 1488 2594 ille
1511 2555 1574 2593 ma-

286 2622 363 2681 xime
391 2622 466 2680 mihi
493 2620 636 2681 delectari
664 2613 799 2701 uidetur)
833 2639 942 2698 easque
970 2627 1070 2698 partes
1099 2627 1134 2681 ut
1162 2643 1221 2682 non
1250 2627 1306 2683 sim
1335 2627 1510 2683 consecutus
1539 2627 1575 2682 ut

246 2733 272 2772 so
286 2711 422 2787 superior
448 2730 515 2769 mea
542 2729 632 2770 causa
659 2711 811 2785 uideatur3
841 2713 911 2769 sunt
937 2714 1016 2770 enim
1045 2713 1236 2772 uehementer
1262 2711 1379 2772 πιθανὰ
1401 2713 1572 2773 Antiochia.

286 2820 363 2876 quae
386 2799 546 2877 diligenter
569 2819 587 2856 a
610 2819 656 2858 me
680 2817 818 2876 expressa
837 2819 962 2858 acumen
981 2801 1091 2859 habent
1109 2801 1260 2874 Antiochi,
1283 2802 1411 2861 nitorem
1429 2801 1574 2864 orationis

286 2893 434 2963 nostrum,
463 2891 488 2948 si
515 2889 602 2948 modo
630 2891 656 2948 is
685 2892 730 2947 est
757 2889 866 2964 aliquis
894 2891 925 2947 in
954 2889 1046 2948 nobis.
1094 2891 1145 2948 sed
1172 2896 1206 2949 tu
1230 2890 1380 2951 dandosne
1407 2895 1495 2967 putes
1518 2892 1575 2951 hos

285 2979 377 3038 libros
401 2978 530 3038 Varroni
553 2981 641 3036 eliam
664 2981 754 3053 atque
778 2979 870 3036 etiam
892 2977 1015 3038 uidebis.
1062 2979 1136 3037 mihi
1160 2980 1306 3054 quaedam
1330 2984 1497 3054 occurrunt,
1522 2980 1574 3040 sed

245 3179 270 3217 ιι
287 3087 323 3126 ‘³³
346 3086 873 3238 cOddmddicum2111121,4t(2lol)
897 3157 936 3214 K.
962 3157 1058 3231 Quint.
1083 3162 1136 3216 adt
1152 3158 1253 3231 pridie
1275 3175 1310 3216 cd
1331 3156 1474 3232 Arpinati
1497 3159 1573 3216 Var-

284 3249 351 3305 roni
375 3247 495 3322 quidem
518 3264 594 3322 quae
618 3245 724 3321 scripsi
746 3248 776 3305 te
800 3249 920 3305 auctore
943 3247 989 3306 ita
1010 3265 1137 3322 propero
1160 3250 1280 3307 mittere
1303 3250 1422 3307 utiam
1444 3249 1572 3307 Romam

285 3337 417 3395 miserim
440 3336 639 3395 describenda.
686 3355 720 3394 ea
743 3337 769 3394 si
791 3335 874 3394 uoles
897 3338 1000 3395 statim
1023 3335 1160 3411 habebis3
1188 3336 1293 3412 scripsi
1316 3338 1395 3396 enim
1419 3337 1457 3396 ad
1480 3337 1572 3398 libra·

284 3426 344 3483 rios
368 3429 402 3484 ut
424 3425 508 3484 fieret
530 3427 604 3498 ruis,
628 3427 710 3484 situ
732 3425 838 3499 uelles,
862 3424 1048 3483 describendi
1070 3427 1211 3501 potestas.
1253 3446 1288 3484 ea
1311 3445 1383 3485 uero
1408 3426 1574 3486 continebis

286 3514 384 3590 quoad
407 3517 471 3591 ipse
494 3518 523 3573 te
547 3514 674 3573 uideam.

244 3627 270 3665 so
374 3605 414 3663 ud
431 3603 562 3662 Atticum
580 3620 636 3661 xm
654 3604 723 3677 22‚1
745 3622 777 3663 ιιι
795 3603 871 3661 Non.
892 3603 990 3677 Quint.
1010 3622 1045 3663 ex
1061 3604 1204 3678 Adducti
1222 3604 1259 3662 de
1278 3606 1411 3663 Varrone
1429 3623 1489 3663 non
1508 3607 1573 3664 sine

285 3711 374 3751 causa
397 3693 468 3769 quid
491 3693 548 3751 tibi
571 3694 689 3767 placeat
710 3694 774 3750 tam
798 3692 958 3769 diligenter
981 3696 1117 3768 exquiro:
1142 3697 1299 3752 occurrunt
1321 3693 1396 3751 mihi
1415 3694 1571 3769 quaedam,

284 3781 335 3841 sed
359 3801 393 3840 ea
417 3801 524 3841 eoram.
566 3785 595 3840 te
619 3783 720 3839 autem
742 3777 937 3858 ἀσμεναίτατα
960 3782 1083 3856 intexui,
1106 3784 1273 3857 faciamque
1291 3782 1322 3840 id
1342 3782 1480 3856 erebrius,
1504 3802 1572 3858 pro-

283 3873 371 3930 ximis
395 3872 474 3929 enim
496 3872 557 3929 tuis
580 3871 690 3929 litteris
712 3872 842 3945 primum
861 3874 891 3929 te
910 3870 940 3928 id
959 3890 1019 3929 non
1037 3871 1117 3930 nolle
1135 3874 1270 3948 cognoui.
1295 3864 1417 3930 ...³..
1441 3873 1574 3930 Varroni

284 3960 373 4019 simul
397 3979 430 4018 ac
453 3962 483 4019 te
507 3958 617 4033 uidero,
639 3961 664 4017 si
682 3958 738 4018 tibi
761 3959 921 4033 uidebitur,
945 3962 1078 4034 mittam3
1102 3961 1172 4036 quid
1198 3963 1297 4019 antem
1317 3960 1480 4020 dubitarim
1504 3982 1571 4018 cum

244 4073 269 4110 ss
285 4049 388 4108 nidero
411 4052 443 4108 te
466 4049 546 4108 scies.

373 4138 413 4196 ud
435 4138 566 4197 Atticum
589 4156 644 4196 x111
664 4138 735 4212 233
755 4156 789 4196 vr
805 4138 853 4196 Id.
879 4137 975 4212 erird.
1000 4156 1034 4196 er
1059 4140 1225 4197 tusculano
1248 4138 1318 4196 libri
1342 4139 1379 4196 ad
1403 4140 1567 4198 Varronem

283 4246 343 4286 non
366 4228 572 4302 morabantur3
596 4230 667 4285 sunt
689 4228 767 4285 enim
790 4226 895 4299 effecti,
919 4229 954 4284 ut
977 4226 1089 4301 uidisti,
1113 4229 1230 4285 tantum
1254 4227 1444 4286 librariorum
1462 4228 1571 4286 menda

283 4317 438 4376 tolluntur.
480 4316 516 4375 de
540 4316 647 4391 quibus
671 4314 754 4373 libris
778 4316 835 4373 scis
858 4334 905 4373 rne
928 4315 1094 4390 dubitasse,
1118 4316 1167 4375 sed
1187 4319 1221 4374 tu
1240 4316 1358 4375 uideris.
1405 4318 1476 4375 item
1496 4335 1573 4392 quos

283 4406 378 4464 Bruto
401 4406 549 4463 mittimus
572 4406 604 4462 in
627 4403 764 4463 manibus
787 4404 899 4463 habent
921 4404 1045 4463 librarii.

243 4518 269 4555 ro
374 4496 414 4554 od
426 4492 556 4553 Atticum
570 4513 625 4552 xm
641 4485 743 4574 24(‚1)
759 4513 786 4552 v.
801 4495 841 4553 Id
855 4493 952 4567 Quini.
969 4513 1002 4552 ec
1017 4495 1185 4554 Tusculano
1204 4494 1276 4571 quid
1295 4494 1349 4553 tibi
1370 4513 1425 4571 ego
1444 4495 1480 4551 de
1494 4496 1570 4554 Var-

283 4603 354 4643 rone
373 4581 556 4643 rescribam?
586 4585 727 4658 quattuor
749 4579 894 4659 διφθέραι
918 4586 988 4641 sunt
1011 4586 1042 4642 in
1065 4588 1119 4643 tna
1141 4586 1302 4659 potestate3
1327 4584 1405 4658 quod
1425 4586 1519 4660 egeris
1538 4584 1571 4641 id

373 4813 389 4860 4
408 4809 441 4859 ut
459 4807 524 4861 olim
542 4807 668 4861 additum
760 4812 775 4859 6
795 4823 844 4859 nos
859 4806 889 4859 in
904 4822 952 4859 sex
969 4808 1127 4863 Sclruetrius
1219 4813 1249 4859 11
1270 4807 1312 4859 ita
1331 4822 1420 4860 sermo
1439 4808 1482 4860 ιΣ

285 4884 317 4931 14
337 4881 546 4947 αζηιοτυπητον
564 4879 646 4933 Bosc's'
663 4878 733 4932 codd
751 4880 923 4946 αζηλοτυπον
944 4880 982 4932 Μ
1103 4884 1136 4931 16
1157 4895 1242 4947 quam
1260 4878 1290 4930 in
1309 4877 1375 4931 utili
1393 4878 1491 4930 demus
1511 4894 1571 4931 om-

283 4951 332 5003 nia
350 4952 380 5003 et
397 4965 522 5018 unquam
543 4952 580 5004 M
582 4971 593 5016 ,·
620 4967 681 5004 corr
701 4950 724 5003 C
741 4948 814 5017 (his)
942 4954 975 5001 19
999 4966 1131 5018 measque
1154 4952 1249 5019 partes
1269 4952 1351 5003 Bosii
1368 4950 1437 5004 codd
1462 4965 1569 5016 eaeque

283 5022 349 5074 suut
366 5022 461 5089 partes
481 5022 587 5076 mdes
605 5022 806 5076 Hernsutdcuuc
824 5040 841 5072 x
859 5023 932 5089 (xxv)
950 5026 1002 5073 340
1021 5038 1124 5089 easque
1143 5024 1237 5089 partes
1257 5021 1331 5091 <ego
1350 5020 1420 5073 mihi
1439 5020 1569 5092 sumpsi>

283 5095 427 5147 verisimile
441 5093 508 5161 quid
521 5095 548 5148 ci
561 5094 680 5148 Boetius
778 5098 811 5144 23
827 5090 914 5145 etiam
928 5092 993 5146 olim
1007 5094 1064 5146 add
1164 5097 1196 5145 37
1211 5091 1396 5145 morabuntur
1410 5092 1570 5146 Souroutos
1684 5120 1686 5123 ·

373 5162 466 5219 effecti
481 5164 540 5219 edd.
554 5170 618 5218 dett.
638 5162 754 5219 deffecti
770 5164 807 5217 M
823 5163 929 5217 detexti
949 5162 1104 5218 Lambinus
1117 5180 1144 5217 oe
1163 5162 1298 5231 descripti
1316 5180 1361 5234 my
1379 5164 1501 5217 Larnbiu
1520 5164 1568 5216 de-

283 5236 386 5289 saccati
407 5238 562 5305 Mooncyus
580 5237 717 5290 ‘classical
732 5236 838 5289 reciew'
858 5254 904 5287 xvr
920 5240 970 5288 121
990 5237 1015 5289 cl
1029 5235 1123 5289 Sidou.
1139 5236 1262 5304 Apellis.
1278 5254 1286 5285 1
1303 5240 1345 5301 1‚3
1359 5234 1478 5302 perfecti
1492 5234 1570 5289 Sebi-

282 5308 359 5362 cdius
372 5310 448 5362 relat.
464 5310 524 5377 syll.
535 5308 632 5376 philol.
649 5308 770 5361 Berolin.
786 5322 839 5358 xxx
854 5311 907 5358 410
1007 5312 1039 5358 41
1061 5310 1211 5374 diademas
1225 5306 1287 5360 'AM
