3750 6475
225 853 363 908 mauu
692 850 877 906 nvemnvs
898 858 1047 921 aar-n
1468 855 1510 918 91

226 1017 352 1082 dicatis'
375 1016 527 1101 inquiunt
551 1015 634 1080 ‘uisa
652 1015 807 1100 quaedam
832 1016 919 1079 mitti
938 1039 957 1079 a
976 1015 1044 1098 deo,
1068 1017 1157 1081 uelut
1178 1038 1316 1101 eaquae
1336 1018 1369 1081 in
1388 1018 1511 1082 somnis

224 1124 397 1190 uideantur
427 1145 573 1207 quaeque
601 1121 738 1189 oraculis
767 1122 920 1207 auspiciis
949 1124 1031 1187 extis
1061 1122 1272 1189 declarentur’
1304 1123 1397 1211 (haec
1425 1124 1511 1189 enim

225 1233 316 1296 aiunt
338 1231 470 1316 probari
494 1253 512 1294 3
531 1228 663 1313 stoicis,
685 1251 766 1314 quos
784 1234 897 1295 contra
916 1228 1096 1318 disputant)
1122 1269 1164 1278 —
1188 1235 1345 1316 quaerunt
1370 1253 1510 1315 quonam

225 1339 321 1403 modo
348 1339 431 1403 falsa
459 1338 530 1401 uisa
558 1359 639 1420 quae
666 1337 732 1401 sint
759 1357 796 1399 ea
824 1336 900 1401 deus
929 1337 1055 1402 efficere
1080 1338 1184 1421 possit
1205 1337 1395 1423 probabilia,
1429 1360 1510 1422 quse

224 1450 333 1510 autem
355 1444 450 1530 plane
473 1464 630 1528 proxume
653 1444 693 1507 ad
716 1465 827 1508 uerum
852 1444 1008 1508 accedunt
1031 1445 1158 1510 efficere
1180 1467 1248 1510 non
1265 1444 1379 1529 possit,
1402 1448 1459 1509 aut
1482 1447 1509 1509 si
1537 1473 1550 1512 s

223 1575 261 1618 ea
289 1573 417 1636 quoque
445 1552 563 1636 possit,
590 1573 646 1615 eur
673 1550 731 1614 illa
757 1571 823 1614 non
850 1550 955 1633 possit
983 1572 1064 1634 quae
1091 1551 1326 1635 perdifficiliter
1353 1551 1510 1617 internos-

224 1664 337 1724 cantur
369 1664 491 1742 tamen,
524 1662 555 1722 et
588 1659 615 1722 si
646 1657 738 1741 haec,
770 1680 827 1723 eur
858 1679 924 1721 non
956 1658 1041 1721 inter
1073 1680 1153 1742 quae
1185 1659 1268 1723 nihil
1295 1660 1339 1723 sit
1367 1659 1507 1725 omnino.

165 1778 203 1828 48
224 1767 368 1850 ‘Deinde
392 1789 466 1832 eum
488 1787 579 1830 mens
603 1767 771 1828 moueatur
794 1764 944 1847 ipseper
967 1785 1044 1847 sese,
1067 1769 1104 1828 ut
1126 1768 1159 1828 et
1182 1787 1219 1829 ea
1242 1765 1404 1831 declarant
1427 1789 1508 1851 quae

224 1874 421 1960 cogitatione
452 1873 655 1958 depingimus
679 1875 710 1935 et
733 1893 770 1934 ea
794 1891 875 1954 quae
898 1871 952 1935 uel
975 1871 1207 1935 dormientibus
1231 1871 1284 1936 uel
1306 1873 1438 1936 furiosis
1461 1875 1505 1936 ui·

164 1976 198 2038 *
223 1981 340 2046 dentur
362 2002 428 2045 non
451 1981 583 2062 inquam
605 1979 675 2042 ueri
698 1976 802 2042 simile
826 1977 868 2041 sit
890 1977 936 2040 sic
955 1979 1053 2041 etiam
1072 1982 1212 2042 mentem
1230 1981 1363 2063 moueri,
1386 1983 1423 2043 ut
1440 2001 1507 2044 non
1521 2009 1547 2044 10

223 2087 319 2153 modo
347 2109 414 2151 non
441 2086 638 2150 internoscat
668 2106 745 2148 uera
772 2083 828 2147 illa
855 2083 926 2147 uisa
954 2084 1019 2148 sint
1047 2106 1128 2148 anne
1158 2085 1252 2169 falsa,
1283 2087 1337 2150 sed
1360 2090 1398 2150 ut
1421 2089 1455 2151 in
1479 2089 1506 2152 is

221 2195 305 2259 nihil
331 2194 458 2259 intersit
482 2191 640 2274 omnino',
667 2194 704 2255 ut
726 2189 754 2254 si
778 2191 834 2274 qui
856 2194 1029 2254 tremerent
1052 2195 1084 2255 et
1107 2191 1344 2257 exalbescerent
1367 2193 1421 2257 uel
1444 2194 1505 2278 ipsi

220 2324 280 2386 per
302 2323 337 2366 se
359 2303 450 2365 motu
473 2299 590 2364 mentis
613 2299 723 2381 aliquo
746 2297 799 2361 uel
822 2296 949 2361 obiecta
970 2297 1108 2361 terribili
1132 2318 1166 2361 re
1190 2298 1398 2385 extrinsecus,
1422 2301 1507 2365 nihil

220 2414 258 2473 ut
281 2411 366 2473 esset
389 2409 446 2490 qui
468 2406 720 2490 distingueretur
742 2406 864 2467 tremor
885 2403 941 2468 ille
964 2407 997 2467 et
1018 2404 1131 2490 pallor,
1154 2426 1258 2488 neque
1276 2410 1313 2469 ut
1332 2407 1506 2491 quiequam

219 2514 390 2580 interesset
412 2516 494 2578 inter
515 2512 704 2576 intestinum
728 2514 760 2574 et
783 2509 937 2574 oblatum.
976 2510 1156 2576 ‘Postremo
1180 2513 1208 2576 si
1231 2513 1320 2577 nulla
1342 2514 1412 2577 uisa
1429 2517 1505 2578 sunt
1520 2541 1545 2581 rs

311 2802 326 2850 1
347 2796 450 2850 somnis
468 2796 526 2850 iana
545 2794 684 2849 Dauisius
702 2793 861 2858 defenderat
887 2767 1001 2846 somniis
1016 2793 1057 2847 Ft
1175 2801 1191 2847 3
1211 2811 1228 2847 3
1247 2811 1290 2848 orn
1310 2797 1404 2850 thrnr
1421 2805 1446 2851 et
1463 2799 1505 2852 ita

219 2885 286 2923 3333
308 2869 404 2922 scribit
421 2871 564 2936 p.149‚lb
588 2873 612 2921 et
634 2881 713 2933 saepe
734 2865 873 2931 similiter,
896 2865 943 2919 sed
966 2864 998 2930 os
1008 2881 1037 2933 p.
1054 2869 1239 2933 31‚1b.103‚5.
1255 2872 1334 2932 110,5
1358 2868 1390 2922 de
1413 2870 1461 2935 fin.
1476 2889 1504 2922 ιν

219 2944 281 3006 8,19
301 2941 333 2993 de
352 2940 408 2994 diu.
424 2942 546 3003 150‚113
637 2937 777 3004 quaerunt
795 2951 861 3004 ergo
881 2951 1005 3004 quonam
1023 2938 1050 2990 ci
1067 2954 1082 2990 r
1174 2943 1190 2990 4
1210 2938 1278 2992 (1331
1289 2955 1327 3007 pr
1341 2939 1398 2994 AV

220 3017 235 3063 b
254 3027 289 3065 ea
306 3010 390 3078 plane
408 3026 543 3079 proxume
557 3010 673 3063 abnam
686 3013 780 3061 33333
794 3007 837 3061 3131
850 3008 1009 3062 1133333133
1116 3009 1253 3063 accedant
1267 3010 1422 3066 Lambinus
1434 3012 1505 3066 tbnr

215 3083 408 3151 probabiliter,
427 3082 459 3149 cf
471 3080 614 3135 Hiraetius
632 3084 734 3148 quaest.
748 3097 781 3131 111
795 3083 846 3131 261
862 3097 890 3132 n.
1014 3083 1065 3131 bb
1084 3081 1134 3132 aut
1148 3080 1172 3133 si
1244 3098 1300 3134 non
1314 3082 1406 3151 possit
1423 3100 1467 3138 om
1482 3086 1509 3138 V

699 3152 711 3190 r

308 3212 325 3260 6
343 3223 394 3276 per
410 3204 555 3260 drficrlrter
566 3221 628 3260 corr
644 3202 811 3257 oed1f1culter
830 3205 855 3258 V
893 3228 895 3232 ·
960 3218 1034 3273 quae
1047 3203 1255 3272 perdifficiliter
1268 3206 1503 3276 intemoscantur‚

218 3278 445 3333 internoscantur
461 3280 557 3331 tamen
579 3278 606 3332 ci
621 3295 649 3342 r,
672 3277 719 3330 sed
741 3276 818 3344 ioqui
839 3276 951 3330 uidetur
973 3276 1199 3345 quemadmodum
1221 3279 1343 3333 Plautus
1365 3281 1435 3348 epid.
1450 3287 1503 3334 426

218 3349 281 3404 sine
303 3352 353 3404 tuo
375 3349 473 3404 labore
496 3348 571 3416 quod
594 3347 666 3402 uelis
692 3348 815 3401 actumst
838 3349 933 3401 tamen
956 3347 1002 3401 uel
1019 3348 1077 3414 ipse
1098 3348 1131 3401 de
1148 3355 1206 3402 nat.
1221 3349 1412 3414 deor.120,54
1430 3368 1503 3420 quae

218 3421 365 3475 interiecto
384 3420 463 3474 inani
482 3420 683 3474 cohaerescunt
701 3421 795 3471 tamen
810 3417 884 3471 inter
898 3434 926 3470 se
1036 3421 1051 3470 t
1065 3426 1129 3487 post
1141 3421 1237 3472 tamen
1251 3422 1419 3476 intercidisse
1432 3424 1503 3477 tatia

217 3495 269 3547 aut
287 3508 360 3561 quae
378 3508 414 3546 ne
431 3492 659 3545 internoscantur
677 3488 792 3557 quidem
810 3490 835 3542 ct
850 3506 879 3557 p.
895 3493 982 3555 9215.
999 3493 1033 3542 20
1051 3491 1078 3542 ei
1092 3492 1247 3556 Bentieius,
1265 3492 1312 3545 sed
1325 3494 1390 3546 uide
1399 3510 1429 3561 p.
1442 3499 1502 3556 922

308 3566 338 3618 et
355 3581 416 3618 cunt
433 3581 482 3618 333
499 3580 533 3617 en
552 3563 582 3614 at
598 3564 626 3616 A
733 3576 817 3632 quem
831 3577 865 3614 en
879 3576 964 3628 quem
977 3562 1005 3614 A
1024 3565 1099 3629 aaa
1113 3578 1139 3629 q.
1160 3563 1188 3617 V
1290 3562 1403 3617 intersit
1416 3565 1503 3619 Lam·

834 3644 855 3671 -a

215 3690 312 3755 binus,
335 3688 367 3755 cf
379 3705 410 3757 p.
425 3692 512 3753 9216,
529 3693 570 3740 24.
587 3692 647 3753 933
787 3690 803 3738 8
826 3685 988 3752 edeclarant
1008 3687 1035 3739 V
1162 3692 1176 3739 9
1196 3686 1327 3742 furiosus
1341 3705 1375 3742 ea
1393 3688 1462 3742 <vius
1473 3692 1501 3744 B

308 3765 341 3813 10
355 3776 411 3813 non
425 3764 512 3827 inquis
527 3758 592 3825 BV,
611 3775 672 3812 corr
684 3759 836 3824 nonsfiqud
851 3759 878 3811 A
896 3773 989 3811 nonne
1004 3758 1061 3823 (uei
1074 3762 1143 3825 non)
1162 3758 1295 3825 inquiunt
1314 3760 1372 3814 Aid
1389 3766 1416 3829 t,·
1433 3778 1501 3813 non-

216 3848 371 3900 numquam
386 3830 554 3900 Maduipius
574 3831 606 3884 de
620 3831 668 3897 fin.
683 3847 715 3881 111
731 3832 809 3895 lt,b8
824 3846 854 3897 p.
870 3834 923 3881 444
942 3835 967 3881 et
985 3829 1082 3884 deinde
1100 3829 1255 3884 uerisimile
1273 3832 1329 3897 est,
1348 3849 1418 3899 quae
1431 3850 1501 3887 rece·

209 3910 317 3972 perient
335 3904 408 3969 bmr5
432 3908 543 3957 atcerte
562 3902 611 3969 qui
630 3900 731 3966 ‘forma
749 3901 951 3970 interropatina
969 3907 994 3955 et
1011 3902 1108 3956 arodus
1127 3902 1321 3957 coniunctius
1343 3921 1404 3958 eum
1421 3921 1501 3958 333-

217 3976 327 4029 33333
345 3974 538 4042 aequabilitate
557 3980 615 4026 turn
628 3972 787 4040 pertinacia
805 3973 937 4025 instantis
951 3973 1108 4042 philosophi
1125 3976 1214 4043 napis
1232 3976 1451 4041 emuniendetnr’,
1470 3983 1501 4030 ut

213 4047 258 4099 ait
272 4051 295 4109 t,
309 4062 366 4099 non
379 4046 481 4110 senti0;
490 4046 581 4113 possis
595 4042 735 4109 33333111,
754 4050 786 4098 ut
799 4044 921 4111 loquitur
938 4043 1080 4098 Terentius
1092 4046 1218 4100 Andriae
1235 4050 1287 4097 225
1301 4045 1372 4098 mihi
1386 4046 1501 4115 quidem

215 4116 309 4170 hercle
328 4132 383 4169 non
402 4116 433 4169 fit
451 4115 511 4169 ueri
531 4115 636 4181 simile,
654 4115 687 4180 ef
705 4116 771 4168 Tin.
788 4120 849 4181 s‚8;
865 4114 913 4168 sed
930 4120 1021 4169 tamen
1037 4133 1116 4186 capre
1128 4119 1187 4182 fero
1201 4118 1276 4170 istud
1290 4133 1500 4185 nonnumquam

216 4188 288 4257 quod
310 4205 394 4256 neque
417 4203 478 4240 eun
500 4188 533 4241 de
550 4187 594 4241 bis
613 4187 694 4240 rebus
711 4188 817 4241 1333133
835 4193 874 4240 est
891 4203 1022 4255 uniquam
1036 4189 1132 4256 posuit
1151 4188 1256 4254 033333,
1277 4195 1303 4241 et
1320 4205 1370 4242 cur
1387 4191 1419 4243 in
1437 4190 1500 4243 dor-

214 4259 361 4313 mientibin
379 4260 475 4328 potius
497 4259 663 4326 furiosisque
681 4264 828 4326 ponuntur
846 4274 928 4326 quain
948 4260 980 4311 in
997 4260 1209 4328 capitationibus
1225 4260 1389 4325 3113113331,Ι
1407 4262 1499 4328 itaque

210 4332 334 4399 suspicio
357 4331 482 4384 nascitur
500 4331 650 4384 orationem
670 4346 796 4383 33333333
811 4330 906 4397 potins
924 4346 978 4383 3333
997 4346 1079 4396 quarn
1097 4337 1255 4398 comptam
1273 4337 1298 4384 et
1315 4331 1396 4384 talem
1413 4332 1499 4396 fuisse

214 4403 453 4471 interropationem
471 4417 526 4454 non
547 4402 603 4468 (uel
617 4401 684 4453 non’
700 4397 833 4467 inquiunt
843 4400 866 4467 ‘)
882 4399 1048 4469 intellegitis
1064 4402 1121 4468 (uei
1134 4417 1191 4454 non
1206 4400 1323 4468 uidetis)
1339 4417 1424 4468 quam
1437 4402 1499 4455 ueri

215 4472 307 4526 simile
326 4472 376 4539 sit,
395 4479 426 4527 ut
444 4473 553 4541 scripsit
571 4473 603 4526 de
620 4478 678 4526 nat.
694 4472 884 4537 31333327,ἵῖ
900 4471 995 4524 sedtu
1014 4471 1100 4525 hoc..
1115 4488 1171 4525 non
1188 4472 1269 4525 uides
1289 4487 1374 4540 quam
1392 4471 1498 4527 blanda

211 4542 448 4598 conciliatrix...
464 4543 539 4597 sit..
555 4546 657 4597 natura
678 4548 703 4596 et
715 4559 794 4610 saepe
807 4542 934 4596 similiter
1029 4544 1154 4596 montem
1167 4560 1206 4612 pr
1219 4544 1247 4597 B
1321 4549 1353 4595 11
1373 4543 1408 4596 iis
1427 4544 1498 4598 Rom

213 4614 259 4668 hri
275 4616 360 4670 AVB
470 4621 502 4668 12
521 4614 616 4669 &cdd
630 4616 657 4668 A
767 4618 799 4665 13
818 4614 914 4666 motu*
929 4612 969 4683 [i]
989 4614 1030 4679 B,
1049 4617 1112 4668 item
1128 4615 1156 4667 A
1169 4615 1216 4669 sed
1230 4622 1261 4669 ut
1274 4615 1342 4682 quid
1355 4615 1441 4680 fuerit
1453 4619 1498 4670 in·

209 4711 315 4759 certum
332 4705 370 4759 sit
475 4702 571 4757 tnbrle
586 4720 624 4771 pr
642 4703 669 4757 A
778 4708 812 4755 14
829 4702 862 4754 ut
880 4708 1025 4771 3333933
1043 4703 1128 4757 deteri
1144 4704 1283 4758 malebant
1299 4704 1455 4758 Lambinus
1473 4712 1499 4761 et

214 4776 367 4842 Dauisius,
390 4782 422 4829 ut
442 4781 507 4830 esset
529 4793 561 4830 ea
584 4776 674 4829 oratio
696 4790 779 4843 93333
797 4774 890 4843 attipit
908 4774 1077 4844 Maduipius
1097 4775 1129 4829 de
1146 4776 1195 4841 fin.
1209 4794 1238 4827 rv
1254 4779 1348 4842 12,30,·
1365 4791 1412 4844 393
1426 4783 1497 4845 puto

211 4852 327 4915 utroque
341 4849 422 4915 quasi
439 4847 564 4901 reuocari
577 4848 636 4900 uim
649 4846 727 4900 illius
744 4845 816 4914 quod
833 4843 891 4909 fuit
908 4862 935 4898 u.
953 4850 1000 4912 11,
1019 4852 1044 4899 et
1061 4863 1094 4900 ea
1112 4847 1144 4900 de
1162 4862 1247 4901 33333
1266 4847 1356 4901 artius
1374 4846 1424 4901 bas
1437 4864 1497 4902 sen-

213 4920 314 4972 tentias
332 4920 404 4973 inter
421 4935 448 4972 se
471 4934 587 4972 conexae
605 4935 659 4972 3333
676 4918 851 4987 3193133333
869 4933 935 4970 narn
953 4918 980 4971 si
996 4918 1047 4971 iiia
1065 4918 1130 4971 inde
1148 4919 1183 4971 ab
1201 4919 1234 4970 ut
1248 4916 1272 4970 si
1288 4931 1326 4984 (u.
1343 4922 1389 4985 12)
1399 4935 1452 4986 per
1469 4937 1497 4975 se

209 4995 296 5056 sunt,
319 4991 391 5058 quod
408 4991 508 5043 uolunt
523 4991 615 5056 ceteri,
634 4989 682 5057 qui
700 4988 772 5043 iilud
791 4988 874 5041 ‘nibil
895 4994 927 5042 ut
949 4988 986 5043 sit
1008 4990 1058 5057 qui
1079 4990 1269 5058 distinpuatin
1287 4996 1386 5043 133333
1407 4991 1497 5045 dieat

206 5060 314 5130 pallor'
334 5061 474 5128 efficiatur
491 5077 570 5132 33933
588 5061 672 5115 dicas.
705 5061 751 5114 sed
770 5066 874 5128 tenpus
889 5067 1083 5114 conmutatum
1096 5062 1177 5129 quasi
1189 5060 1255 5115 baec
1268 5061 1427 5115 aduersarii
1439 5078 1497 5117 non

212 5168 269 5236 apsi
286 5167 382 5221 dicant
399 5168 445 5221 sed
463 5168 565 5222 dixisse
583 5169 713 5222 (tuantur
732 5165 1024 5235 (csp.126,1b.150,i
1048 5168 1116 5221 Tim.
1127 5172 1205 5235 4222
1213 5171 1252 5234 33)
1360 5146 1496 5236 polline

207 5254 247 5292 33
265 5254 283 5291 3
295 5244 327 5293 31
344 5238 403 5303 uid,
426 5255 534 5293 3333333
557 5239 625 5307 quid
647 5240 684 5294 sit
705 5238 795 5292 nescio
814 5238 841 5291 A
986 5244 1018 5291 lb
1035 5237 1110 5291 inter
1123 5255 1166 5293 orn
1180 5238 1274 5305 AVB,
1288 5239 1334 5293 sed
1348 5241 1379 5293 in
1394 5241 1421 5293 A
1439 5240 1497 5295 add

208 5311 300 5375 inter,
318 5312 350 5364 in
363 5310 391 5362 B
410 5327 440 5362 1n
547 5309 681 5363 urlalsmt
700 5308 783 5379 [duce
801 5314 832 5362 ut
850 5308 901 5363 uid
918 5308 1024 5379 bastae]
1043 5326 1054 5361 1
1071 5310 1120 5363 red
1138 5309 1166 5363 A
