3750 6475
288 870 425 924 naaria
764 867 949 922 uvovunvs
968 873 1100 937 apr-c
1531 868 1573 933 73

288 1031 506 1118 Anaxagoran
520 1031 742 1096 Democritum
756 1030 969 1096 Parmeniden
987 1031 1218 1115 Xenophanen,
1237 1032 1407 1097 Platonem
1424 1033 1521 1096 etiam
1542 1037 1575 1097 et

289 1136 455 1202 Socratem
476 1138 640 1223 profertis.
686 1137 742 1201 sed
759 1159 864 1222 neque
883 1136 1091 1221 Saturninus,
1114 1143 1152 1203 ut
1169 1143 1316 1204 nostrum
1335 1138 1502 1203 inimicum
1520 1162 1575 1223 po-

289 1244 453 1308 tissimum
482 1246 661 1328 nominem,
696 1245 801 1309 simile
831 1245 1004 1329 quicquam
1035 1245 1150 1310 habuit
1180 1249 1325 1310 ueterum
1354 1246 1487 1310 illorum
1516 1268 1576 1311 nec

288 1350 452 1415 Arcesilae
466 1351 627 1416 calumnia
642 1351 835 1417 conferenda
852 1356 902 1416 est
917 1374 991 1417 cum
1004 1350 1184 1417 Democriti
1199 1353 1398 1417 uerecundia.
1421 1356 1576 1417 ettamen

289 1457 346 1522 isti
379 1458 507 1542 physici
538 1480 611 1523 raro
645 1459 832 1543 admodum,
864 1480 937 1523 cum
969 1458 1104 1524 haerent
1135 1461 1244 1543 aliquo
1276 1459 1363 1543 loco,
1396 1459 1576 1524 exclamant
1604 1487 1617 1527 s

291 1565 384 1648 quasi
411 1570 517 1630 mente
545 1565 683 1648 incitati,
711 1565 923 1649 Empedocles
953 1566 1082 1649 quidem
1111 1571 1147 1631 ut
1175 1567 1336 1631 interdum
1365 1565 1446 1630 mihi
1471 1566 1577 1631 fruere

289 1670 451 1756 uideatur,
479 1673 629 1737 abstrusa
652 1694 721 1736 esse
746 1672 868 1754 omnia,
890 1672 975 1736 nihil
997 1694 1057 1738 nos
1085 1673 1204 1737 sentire
1230 1673 1314 1737 nihil
1342 1695 1469 1738 cernere
1494 1674 1578 1738 nihil

291 1779 423 1843 omnino
452 1780 546 1863 quale
575 1778 618 1844 sit
645 1801 741 1864 posse
764 1779 919 1864 reperire,
948 1779 1103 1843 maiorem
1126 1783 1235 1845 autern
1258 1784 1382 1864 partem
1405 1779 1486 1844 mihi
1509 1782 1578 1864 qui-

291 1884 363 1948 dem
391 1907 503 1950 omnes
531 1886 588 1950 isti
613 1885 765 1950 uidentur
791 1886 889 1950 nimis
919 1886 1018 1950 etiam
1049 1885 1205 1969 quaedam
1238 1887 1407 1951 adfirmare
1439 1886 1577 1971 plusque

235 2014 270 2062 15
290 1992 437 2076 profiteri
461 2015 495 2058 se
519 1993 600 2057 scire
620 2015 717 2076 quam
736 1992 848 2058 sciant.
887 1991 980 2068 Quod
999 1994 1027 2057 si
1045 1992 1095 2057 illi
1113 1998 1184 2058 tum
1203 1994 1236 2058 in
1254 1993 1351 2058 nouis
1369 1994 1464 2058 rebus
1486 1995 1577 2079 quasi
1592 2023 1619 2062 ιο

290 2099 387 2165 modo
410 2104 578 2165 nascentes
601 2099 855 2184 haesitauerunt,
883 2099 1008 2164 nihilne
1035 2103 1085 2165 tot
1113 2100 1249 2164 saeculis
1274 2099 1408 2165 summis
1438 2100 1577 2186 ingeniis

290 2205 451 2271 maxumis
466 2207 582 2271 studiis
601 2207 799 2290 explicatum
816 2207 994 2291 putamus?
1012 2229 1120 2273 nonne
1138 2228 1211 2271 cum
1230 2206 1294 2271 iam
1308 2207 1578 2292 philosophorum

292 2313 479 2396 disciplinae
503 2314 714 2399 grauissimae
742 2315 965 2378 constitissent
991 2318 1062 2378 tum
1090 2318 1222 2379 exortus
1250 2319 1300 2379 est
1321 2320 1357 2378 ut
1383 2315 1417 2377 in
1446 2317 1579 2398 optuma

290 2441 325 2484 re
346 2443 376 2504 p.
399 2419 469 2485 Tib.
494 2419 659 2486 Gracchus
689 2422 744 2503 qui
774 2421 877 2485 otium
899 2420 1104 2504 perturbaret
1128 2422 1174 2484 sic
1197 2420 1359 2486 Arcesilas
1383 2422 1438 2504 qui
1462 2422 1579 2485 consti-

290 2531 396 2592 tutam
418 2526 659 2611 philosophiam
682 2531 841 2593 euerteret
864 2527 949 2592 etin
968 2549 1080 2592 eorum
1098 2528 1291 2593 auctoritate
1311 2526 1504 2592 delitisceret
1523 2529 1579 2612 qui
1594 2555 1620 2595 rc

290 2634 500 2720 negauissent
529 2634 701 2718 quicquam
730 2635 806 2700 sciri
834 2639 890 2699 aut
919 2634 1043 2718 percipi
1073 2656 1179 2719 posse.
1230 2656 1367 2719 quorum
1398 2655 1415 2697 e
1444 2656 1578 2698 numero

292 2741 455 2805 tollendus
479 2746 527 2806 est
550 2746 582 2805 et
605 2740 699 2806 Plato
723 2745 756 2806 et
780 2740 942 2826 Socrates,
965 2741 1047 2805 alter
1068 2742 1145 2826 quia
1163 2742 1294 2824 reliquit
1312 2740 1578 2825 perfectissimam

293 2847 511 2933 disciplinam,
538 2847 772 2932 Peripateticos
800 2851 832 2912 et
860 2845 1085 2931 Academicos,
1114 2846 1302 2911 nominibus
1333 2847 1515 2911 differentes
1545 2869 1580 2910 re

294 2959 522 3041 congruentes,
545 2978 564 3018 a
588 2955 705 3039 quibus
729 2953 831 3020 Stoici
855 2954 917 3040 ipsi
940 2954 1051 3019 uerbis
1075 2953 1179 3038 magis
1205 2976 1302 3037 qnam
1326 2954 1496 3018 sententiis
1516 2954 1580 3017 dis·

294 3067 477 3147 senserunt,
491 3100 532 3109 -
550 3062 699 3128 Socrates
713 3067 821 3127 autem
837 3062 875 3125 de
890 3060 1008 3146 seipse
1028 3060 1199 3125 detrahens
1219 3061 1253 3126 in
1271 3059 1488 3144 disputatione
1506 3060 1581 3145 plus
1595 3089 1622 3128 ao

293 3168 458 3233 tribuebat
480 3170 509 3233 is
533 3191 615 3255 quos
637 3169 769 3234 uolebat
791 3168 951 3255 refellere,
974 3169 1020 3232 ita
1043 3190 1117 3232 cum
1139 3167 1227 3231 aliud
1252 3167 1372 3232 diceret
1395 3171 1491 3253 atque
1512 3189 1582 3232 sen·

295 3277 384 3355 thret,
402 3276 541 3341 libenter
559 3278 609 3341 uti
628 3277 743 3341 solitus
762 3280 811 3341 est
829 3299 867 3341 ea
885 3276 1142 3341 dissimulatione
1162 3297 1258 3359 quam
1277 3272 1389 3339 Graeci
1408 3277 1582 3359 εἰρωνείαν

295 3388 428 3469 uocant,
452 3406 548 3468 quam
571 3383 618 3448 ait
640 3385 737 3448 etiam
761 3385 795 3447 in
817 3383 973 3448 Africano
997 3383 1098 3446 fuisse
1121 3380 1278 3464 Faunine,
1297 3381 1392 3463 idque
1412 3385 1582 3466 propterea

296 3491 451 3555 uitiosum
475 3492 508 3555 in
532 3492 590 3556 illo
612 3513 679 3555 non
701 3490 881 3575 putandum
905 3489 992 3573 quod
1015 3489 1100 3553 idem
1123 3488 1279 3552 fueritin
1303 3485 1443 3552 Socrate.

388 3798 402 3845 1
422 3807 621 3860 auasxagoran
636 3791 678 3862 [g]
693 3808 711 3843 x
728 3791 777 3845 red
795 3796 826 3845 ut
844 3790 908 3856 uid,
927 3790 955 3843 A
1081 3788 1276 3858 parmenrden,
1298 3790 1438 3857 inpriore
1456 3806 1475 3839 n
1493 3790 1584 3843 aescae

298 3864 364 3933 quid
387 3880 449 3918 cum
471 3880 520 3917 ros
541 3880 603 3917 corr
620 3864 648 3916 Β
792 3861 995 3930 Xenophanem
1018 3860 1166 3916 Platonem
1184 3860 1323 3915 Victorius
1345 3877 1417 3913 xeno
1437 3859 1584 3928 platonem

299 3935 397 4001 AVB,
414 3935 462 3989 sed
478 3943 565 3988 xenos·
587 3941 612 3987 et
630 3936 661 3988 io
679 3950 724 4003 my
742 3933 833 4004 adds·
848 3932 955 4002 phonte
975 3933 1001 3987 V
1116 3938 1131 3985 2
1151 3934 1213 3985 urm
1234 3933 1259 3987 V
1378 3934 1535 3985 craterem
1547 3948 1585 3999 pr

300 4042 384 4095 AVB
512 4039 674 4112 tarcessrlp
692 4042 737 4094 ael
756 4039 804 4093 mle
824 4042 864 4106 B,
882 4057 918 4107 pr
933 4040 993 4094 AV
1114 4015 1428 4111 therentahquojllico
1441 4038 1475 4110 [r]
1489 4055 1523 4093 ec
1536 4037 1584 4109 hp-

299 4147 445 4219 rentlahco
465 4149 492 4201 V
609 4154 625 4199 6
644 4149 787 4213 1ncrurtat1
806 4148 867 4201 AV
989 4145 1082 4201 furere
1100 4147 1211 4213 ardeat,
1231 4146 1310 4199 eurd
1328 4162 1416 4201 ccorr
1429 4152 1463 4211 et,
1475 4152 1586 4214 praete

300 4226 365 4274 eat
382 4220 446 4285 uid,
465 4221 497 4273 io
514 4236 576 4284 roa;
600 4235 703 4287 equae
720 4220 844 4287 aequiter
862 4219 888 4285 st
905 4237 939 4273 cc
952 4221 966 4272 t
980 4219 1008 4271 Β
1116 4223 1436 4287 8rcper1recorroerrr1
1450 4217 1478 4269 Β

300 4290 369 4344 mihi
388 4290 504 4359 quidem
523 4306 618 4343 omnes
632 4308 651 4344 a
669 4292 782 4358 reliquis
794 4292 915 4361 seiacpc't
927 4310 944 4346 r
956 4291 1072 4359 sperem
1086 4306 1142 4343 aaa
1155 4307 1227 4355 scere,
1246 4306 1311 4342 acm
1325 4288 1461 4341 maiorem
1475 4288 1585 4356 partem

301 4370 415 4432 apparet
432 4379 487 4417 esse
505 4361 669 4430 plerumque
689 4379 746 4416 eaeo
767 4361 930 4430 plerosque,
954 4370 979 4417 et
1000 4362 1150 4429 opponitur
1170 4376 1232 4413 raro
1252 4360 1405 4413 admodum
1423 4364 1477 4412 ab

303 4438 334 4487 10
353 4451 382 4487 se
401 4451 445 4488 om
464 4435 491 4488 V
631 4437 734 4485 10-12
758 4433 790 4499 cf
799 4450 829 4501 p.
847 4437 978 4497 war-a
1124 4437 1157 4483 13
1181 4432 1292 4485 exortus
1313 4431 1369 4485 dett
1387 4431 1458 4484 Rom
1476 4429 1588 4483 exorsus

302 4506 385 4560 AVB
528 4506 562 4558 ut
580 4511 644 4574 post
665 4506 727 4557 turn
749 4505 806 4558 add
826 4506 861 4570 V,
883 4512 946 4571 post
969 4505 1011 4557 est
1033 4504 1089 4557 dect
1112 4504 1169 4557 Vcn
1182 4521 1204 4555 11
1348 4507 1381 4554 14
1404 4501 1454 4555 trb·
1479 4502 1532 4555 rad
1552 4518 1586 4554 ex

302 4576 351 4642 t1b3
370 4579 412 4642 B,
436 4594 469 4631 ccc
487 4575 540 4629 trbr
559 4579 587 4630 A
610 4576 664 4628 trbr
686 4577 712 4630 V
731 4574 773 4630 Ti.
793 4577 863 4629 tbmr
987 4574 1193 4643 perturbardcur
1217 4574 1243 4627 V
1363 4572 1384 4625 lr
1400 4589 1437 4640 pr
1455 4572 1481 4624 V

304 4652 335 4700 15
358 4652 457 4702 rneoru
479 4648 505 4714 st
526 4648 579 4702 rad
601 4664 635 4701 ec
658 4665 724 4700 mem
744 4649 771 4700 A
915 4647 1083 4700 auctontate
1102 4647 1130 4699 A
1151 4648 1232 4711 stem
1251 4646 1278 4699 V
1408 4642 1588 4698 delitesceret

309 4773 362 4826 Vra
376 4790 404 4826 m
508 4777 541 4825 16
559 4773 609 4825 aut
623 4789 656 4826 ca
669 4774 703 4825 ut
721 4773 749 4825 Β
850 4777 883 4824 21
903 4771 1048 4824 tribuebat
1066 4770 1112 4823 hrl
1127 4771 1189 4824 AV
1202 4769 1312 4822 tribuae
1331 4717 1407 4822 batis
1423 4768 1465 4839 [a]
1485 4768 1521 4834 (h
1535 4772 1586 4837 pr)

305 4898 331 4951 Β
440 4864 534 4950 abuds'
555 4899 626 4964 ato,
647 4899 679 4951 io
696 4914 741 4966 my
759 4844 973 4966 Acognoiiiir
989 4896 1017 4950 V
1119 4894 1219 4949 dicer&
1238 4912 1272 4949 ex
1285 4910 1338 4947 mre
1352 4895 1380 4947 Β
1491 4900 1524 4946 22
1544 4895 1588 4946 est

305 4985 358 5042 dec
380 4988 452 5041 Rom
481 4988 542 5039 eet·
567 4988 594 5040 A
618 4970 657 5039 {a
683 4987 734 5040 VB
886 4986 1107 5057 graecrlronran,
1127 4987 1236 5053 priorr
1259 4984 1307 5037 red
1328 4983 1443 5047 ataid,
1465 4982 1589 5036 Iecorr

305 5058 347 5111 acl
368 5058 426 5112 add
444 5058 472 5111 A
495 5072 571 5125 greci
594 5072 782 5111 1romarrcorr
800 5072 872 5128 grem
893 5058 920 5111 V
934 5073 1045 5128 graeci*
1065 5072 1175 5109 rron1an
1198 5073 1233 5109 cac
1250 5071 1310 5107 <0011
1328 5070 1402 5108 rouo»
1421 5055 1450 5107 Β
1557 5052 1587 5105 in

306 5129 379 5182 omni
403 5128 530 5183 oratione
554 5128 760 5194 simulatorem,
783 5147 868 5197 quem
891 5128 995 5196 εἴρωνα
1014 5127 1114 5181 Graeci
1132 5127 1327 5192 nominarunt,
1347 5125 1490 5178 Socratem
1509 5140 1588 5177 acce-

305 5200 396 5269 pimus
415 5201 448 5255 de
466 5200 511 5266 off.
526 5219 537 5252 1
556 5205 669 5268 30‚108;
686 5202 719 5266 cf
729 5201 871 5254 Hircelc'us
889 5207 990 5269 quaest.
1007 5205 1121 5266 111,365
1221 5203 1254 5250 2³
1269 5200 1329 5251 aaut
1343 5215 1376 5251 ec
1390 5198 1440 5249 aut
1454 5198 1482 5249 A

305 5285 427 5378 falijmuf
442 5308 479 5361 Β.
512 5308 544 5374 cf
557 5307 589 5361 de
609 5314 677 5362 orac.
692 5327 714 5359 11
729 5312 825 5373 craso
845 5309 927 5362 Brut,
942 5311 1038 5373 susae
