3750 6475
367 867 412 931 48
804 864 1037 920 Aenonmovs
1055 865 1069 920 I
1087 870 1219 934 uae—29
1566 867 1656 922 Varro

368 1035 571 1114 mentesque,
602 1029 763 1116 singulare
792 1051 968 1112 eorumque
996 1032 1150 1113 quattuor
1177 1051 1259 1113 quae
1287 1051 1384 1114 supra
1407 1030 1475 1094 dixi
1498 1030 1655 1096 dissimile

368 1135 560 1202 Aristoteles
592 1137 752 1221 quoddam
775 1157 843 1201 erse
871 1137 1009 1200 rebatur.
1057 1133 1119 1200 Sed
1150 1137 1327 1201 subiectam
1358 1140 1474 1220 putant
1504 1136 1655 1202 omnibus
1675 1154 1713 1202 27

369 1245 439 1311 sine
467 1245 534 1309 ulla
561 1243 667 1328 specie
694 1246 792 1327 atque
815 1246 977 1308 carentem
1000 1242 1088 1307 omni
1110 1243 1168 1307 illa
1191 1242 1346 1326 qualitate
1374 1240 1545 1330 (faciamus
1568 1244 1656 1309 enim

368 1351 536 1416 tractando
564 1350 715 1415 usitatius
742 1350 805 1414 hoc
832 1349 970 1414 uerbum
998 1353 1031 1414 et
1058 1346 1181 1435 tritine)
1212 1350 1379 1415 materiam
1410 1350 1585 1434 quandam,
1615 1372 1655 1415 ex

340 1481 434 1542 aqua
453 1459 561 1522 omnia
580 1479 729 1541 expressa
748 1460 845 1540 atque
863 1455 977 1520 effecte
996 1457 1070 1538 sint,
1088 1477 1170 1539 quae
1186 1459 1256 1520 tota
1270 1457 1379 1521 omnia
1393 1458 1537 1541 accipere
1551 1458 1656 1542 possit

369 1566 583 1648 omnibusque
606 1564 711 1628 modis
735 1564 854 1627 mutari
872 1566 971 1647 atque
990 1584 1028 1627 ex
1049 1563 1138 1627 omni
1156 1567 1248 1646 parte
1269 1584 1371 1646 eoque
1393 1565 1491 1628 etiam
1514 1563 1655 1645 interire,

368 1692 435 1735 non
462 1671 497 1735 in
523 1670 662 1735 nihilum
691 1671 746 1735 sed
773 1671 808 1735 in
835 1691 909 1734 suas
936 1673 1059 1755 parteS,
1089 1691 1170 1752 quae
1201 1669 1326 1734 infinite
1356 1671 1457 1735 secari
1487 1691 1525 1734 ac
1553 1669 1655 1735 diuidi

368 1777 508 1862 possint,
537 1797 609 1842 eum
639 1777 681 1841 sit
709 1775 791 1840 nihil
820 1777 952 1840 omnino
980 1776 1014 1839 in
1036 1798 1143 1840 rerum
1167 1780 1282 1841 natura
1303 1777 1473 1841 minimum
1498 1777 1585 1861 quod
1607 1777 1653 1841 di-

368 1883 437 1947 uidi
460 1887 606 1966 nequeat.
649 1906 731 1966 quae
750 1887 859 1947 autem
879 1885 1072 1946 moneantur
1090 1883 1198 1946 omnia
1216 1883 1396 1949 interuallis
1415 1884 1548 1967 moueri,
1572 1906 1654 1968 quae

330 2021 358 2060 10
371 1989 543 2054 interualla
566 1991 644 2055 item
668 1990 793 2054 infinite
817 1988 918 2053 diuidi
941 1990 1076 2073 possint.
1112 1989 1157 2053 Et
1179 2012 1253 2055 cum
1277 1991 1322 2054 ita
1341 1994 1510 2055 moneatur
1528 1991 1584 2055 illa
1602 1991 1654 2055 uis
1674 2009 1710 2058 28

370 2119 467 2180 quam
496 2098 685 2180 qualitatem
713 2118 782 2161 esse
811 2096 966 2180 diximus,
993 2100 1027 2160 et
1054 2117 1128 2160 cum
1152 2096 1199 2160 sic
1221 2097 1306 2161 ultro
1331 2098 1477 2180 citroque
1499 2101 1656 2180 uersatur,

369 2207 402 2268 et
432 2204 598 2268 materiam
628 2205 732 2287 ipsam
762 2206 866 2267 totam
896 2201 1026 2287 penitus
1057 2203 1249 2268 commutari
1279 2207 1395 2287 putant
1424 2208 1457 2267 et
1484 2204 1540 2268 illa
1567 2203 1654 2268 effici
1682 2192 1709 2235 ²*

369 2332 451 2394 quae
479 2311 644 2395 appellant
673 2309 793 2394 qualia3
821 2332 839 2374 e
863 2308 980 2392 quibus
1004 2311 1037 2373 in
1061 2309 1149 2373 omni
1172 2312 1287 2373 natura
1310 2310 1501 2375 cohaerente
1524 2314 1557 2375 et
1580 2331 1657 2375 con·

368 2418 494 2481 tinuata
524 2439 597 2482 cum
628 2418 778 2482 omnibus
810 2417 876 2481 suis
907 2415 1054 2501 pentibus
1083 2438 1184 2480 unum
1215 2417 1365 2481 effectum
1392 2438 1461 2481 esse
1489 2416 1655 2501 mnndum,

327 2555 353 2594 re
368 2528 458 2590 extra
482 2546 577 2608 quem
601 2523 690 2587 nulla
713 2546 787 2607 pars
811 2525 964 2588 materiae
987 2524 1030 2588 sit
1053 2522 1244 2606 nullumque
1268 2544 1398 2608 oorpns3
1421 2524 1522 2607 pertis
1545 2527 1654 2588 autem

368 2652 438 2695 esse
457 2631 570 2695 mundi
589 2631 697 2695 omnia
717 2653 798 2715 quae
817 2631 918 2696 insint
937 2631 973 2695 in
991 2652 1038 2714 eo,
1062 2652 1145 2714 quae
1163 2633 1278 2694 natura
1297 2631 1455 2695 sentiente
1473 2634 1654 2713 teneantur,

368 2738 402 2801 in
430 2760 494 2821 qna
520 2738 604 2801 ratio
631 2739 773 2822 perfecta
801 2737 894 2821 insit,
924 2760 1006 2821 quaa
1030 2738 1072 2802 sit
1095 2739 1205 2802 eadem
1229 2738 1423 2821 sempiterna
1446 2735 1543 2823 (nihil
1566 2737 1708 2807 animae

367 2845 530 2910 ualentius
550 2867 656 2909 essee
675 2867 739 2928 quo
760 2843 923 2931 intereat);
948 2868 1045 2929 quam
1064 2844 1132 2908 uim
1151 2845 1295 2909 animum
1314 2865 1383 2908 esse
1402 2844 1514 2908 dicunt
1532 2845 1653 2928 mundi,

367 2951 564 3035 eandemque
593 2972 661 3016 esse
690 2956 829 3016 mentem
859 2953 1113 3036 sapientiamque
1141 2951 1329 3035 perfectam,
1359 2972 1455 3034 quem
1479 2950 1575 3015 deum
1598 2974 1654 3037 ap-

326 3089 354 3128 ro
370 3057 502 3142 pellant,
525 3059 734 3142 omniumque
757 3081 863 3124 rerum
888 3081 971 3142 quae
994 3060 1069 3123 sunt
1094 3057 1123 3122 ei
1147 3058 1309 3121 subiectae
1333 3057 1425 3141 quasi
1448 3057 1652 3140 prudentiam

368 3165 528 3249 quendam
558 3169 783 3250 procurantem
814 3165 963 3230 caelestia
994 3165 1132 3228 maxime
1162 3163 1276 3228 deinde
1307 3163 1343 3228 in
1373 3165 1467 3229 terris
1501 3186 1537 3229 ea
1570 3187 1653 3250 quae

458 3402 471 3447 1
492 3393 635 3463 singulare
653 3413 701 3461 π,ς
719 3410 785 3448 mres
804 3395 883 3449 ceteri
991 3396 1111 3463 quatuor
1128 3414 1158 3461 rc,
1176 3396 1229 3449 clii
1337 3396 1475 3462 tputant
1494 3394 1562 3448 liber
1580 3396 1652 3466 Pop-

365 3467 408 3536 pii
425 3467 497 3521 Rom
523 3467 606 3534 putat
624 3466 724 3535 reliqui
741 3471 767 3519 Δ
792 3466 933 3535 putabant
953 3470 979 3519 Γ
1100 3469 1166 3519 4et
1183 3466 1291 3536 tritius]
1315 3465 1463 3519 contritius
1481 3485 1521 3534 γφ
1542 3482 1653 3534 pennu-

365 3538 433 3591 totis
451 3537 618 3606 compendiis
638 3556 651 3587 1
672 3543 697 3591 et
715 3556 738 3590 o.
760 3540 789 3591 et
808 3537 956 3591 contritius
974 3555 1001 3591 m
1136 3539 1181 3609 ex]
1201 3553 1216 3590 e
1234 3556 1320 3606 νγφ,ς
1333 3538 1388 3591 tbm
1522 3542 1538 3590 5
1557 3536 1653 3591 efficta

370 3610 494 3664 Turueto
512 3616 622 3663 comme
641 3609 808 3675 Lambinus,
834 3610 906 3677 quod
924 3626 981 3663 acu
998 3610 1101 3675 fulsum
1120 3610 1213 3664 iudico
1230 3615 1263 3662 ut
1279 3627 1307 3673 r,
1326 3608 1372 3662 sed
1390 3624 1447 3662 acu
1465 3610 1533 3662 sotis
1550 3615 1652 3663 mnam

455 3681 517 3733 teta
541 3680 634 3733 omnia
656 3696 718 3734 cura
740 3688 848 3735 crocet
871 3682 915 3733 tot
938 3680 1042 3734 formas
1067 3682 1211 3735 Bentleiue
1233 3680 1337 3732 formas
1361 3677 1451 3731 omnis
1476 3696 1511 3732 ex
1533 3680 1653 3734 Dauieii

364 3753 556 3806 coniectaret
580 3750 640 3805 sola
664 3752 758 3804 omnia
781 3752 958 3806 Reucoeetue
980 3752 1058 3820 apud
1080 3751 1210 3805 Gricium
1232 3768 1290 3803 una
1313 3750 1409 3803 omnia
1427 3767 1454 3803 m
1477 3751 1572 3803 omnia
1596 3752 1653 3817 (del

365 3824 439 3890 tota)
464 3825 491 3876 ei
510 3823 632 3877 Heinius
651 3824 746 3891 philol.
767 3842 832 3875 xxiv
850 3828 910 3876 484.
949 3823 981 3877 de
1004 3823 1099 3875 omnia
1122 3824 1154 3889 cs
1173 3823 1282 3876 Iaculi.
1303 3826 1399 3886 37‚118
1423 3838 1457 3874 ex
1478 3822 1599 3875 materia
1621 3823 1652 3876 in

365 3909 396 3947 se
420 3894 515 3947 omnia
537 3894 705 3962 recipiente,
728 3896 790 3947 tota
808 3896 833 3947 ct
850 3912 877 3947 u.
895 3900 927 3947 12
950 3895 982 3947 de
1000 3900 1057 3947 net.
1076 3895 1148 3948 deor.
1168 3914 1200 3946 111
1220 3898 1298 3957 39‚92
1317 3894 1384 3947 aliie
1400 3895 1469 3947 satie
1486 3893 1610 3958 defendit
1627 3912 1650 3947 r.

367 3966 462 4019 ‘Pluto
477 4008 482 4017 .
500 3982 569 4033 ¹pro
587 3967 636 4019 hoc
654 3966 715 4018 tota
733 3966 812 4019 hahet
830 3964 901 4018 κατὰ
920 3974 979 4018 πᾶν
998 3963 1111 4018 ἑαυτοῦ’
1132 3966 1215 4031 (Tim.
1232 3971 1264 4018 51
1283 3965 1322 4031 A)
1342 3964 1436 4018 Faber
1560 3965 1652 4033 possit

365 4038 421 4090 ded
438 4038 557 4105 possunt
575 4057 634 4105 μγφ
658 4036 767 4104 possint
785 4037 865 4090 ceteri
972 4041 988 4089 6
1008 4036 1112 4089 mutari
1131 4055 1149 4095 ς
1166 4043 1198 4090 ut
1215 4036 1278 4101 uid,
1303 4036 1443 4089 Dauieiue
1461 4037 1572 4090 mutare
1591 4039 1649 4102 ΓΔ,

364 4109 398 4174 cf
409 4125 437 4161 u.
454 4113 486 4161 12
507 4104 800 4177 (διασχηματιζόμενον
815 4109 897 4162 Pluto
916 4109 983 4161 Tira.
999 4112 1033 4160 50
1045 4108 1077 4174 0)
1187 4124 1258 4175 eque
1274 4110 1300 4159 Γ
1315 4123 1433 4173 eamque
1454 4106 1589 4161 Christius
1608 4110 1650 4161 at

364 4195 421 4248 que
439 4196 466 4232 ru
489 4194 578 4246 eaque
597 4180 629 4232 de
643 4179 761 4233 Dauieii
778 4180 932 4233 coniectura
952 4186 963 4233 t
981 4180 1073 4233 eudem
1091 4181 1297 4247 sententiaque
1316 4178 1403 4231 etiam
1422 4177 1516 4230 omnia
1535 4177 1651 4234 interire

366 4252 392 4305 ei
406 4250 573 4316 Lambinus,
592 4257 688 4304 coriae
707 4266 784 4318 quem
802 4257 870 4304 recte
891 4251 984 4305 Faber
1002 4251 1047 4304 ‘de
1064 4253 1180 4305 materia
1199 4253 1261 4319 ipso
1279 4252 1367 4304 tutius
1384 4250 1470 4315 fuerit
1487 4251 1587 4316 opinor
1605 4267 1650 4304 ec-

364 4322 474 4390 eipere’.
512 4337 600 4389 eoque
618 4338 674 4375 riou
694 4323 779 4388 atque
798 4321 869 4375 adeo
887 4338 942 4376 esee
959 4322 1052 4375 iudico
1071 4329 1103 4377 ut
1120 4339 1135 4375 r
1154 4323 1202 4377 aed
1220 4324 1249 4374 et
1267 4337 1302 4374 ea
1319 4337 1349 4374 re
1368 4327 1400 4374 ut
1418 4319 1450 4374 de
1468 4322 1516 4388 firi.
1536 4340 1569 4373 111
1589 4326 1650 4388 hle

365 4393 422 4446 nisi
436 4409 548 4447 sensum
562 4391 699 4446 haberent
713 4391 757 4445 sui
771 4408 859 4460 eoque
874 4407 903 4445 se
918 4392 1079 4463 diligerent,
1098 4396 1130 4447 de
1143 4401 1200 4448 aut.
1217 4392 1287 4447 deor.
1303 4411 1324 4444 11
1340 4397 1418 4457 11‚30
1529 4398 1561 4445 11
1581 4408 1651 4459 qna-

366 4463 478 4517 litatem
496 4463 528 4529 ef
537 4465 575 4518 ad
584 4482 614 4532 p.
630 4468 708 4528 46,11
817 4463 943 4531 citroque
964 4468 989 4517 Γ
1004 4463 1135 4532 introque
1152 4484 1190 4531 πρ
1209 4480 1264 4532 que
1281 4482 1313 4534 rel
1335 4463 1365 4515 in
1382 4464 1502 4531 utroque
1521 4485 1543 4518 ω

368 4541 400 4588 12
420 4536 460 4606 et]
478 4535 566 4588 etiarn
585 4542 596 4589 t
720 4535 868 4588 materiam
887 4535 958 4602 (ram
977 4536 1034 4589 add
1052 4541 1135 4606 mu)
1157 4538 1248 4590 totam
1266 4536 1359 4603 ipsam
1377 4537 1404 4587 Γ
1526 4534 1589 4605 illa]
1608 4534 1650 4588 ita

365 4625 383 4665 ς
400 4614 433 4661 ut
450 4607 509 4673 uid,
529 4607 680 4661 Manutius
823 4611 856 4659 13
882 4607 911 4660 in
930 4624 964 4660 ee
981 4608 1137 4675 smpieiorre
1154 4608 1272 4661 Dauieii
1290 4607 1333 4660 det
1351 4606 1414 4671 tter,
1433 4607 1483 4673 qui
1496 4613 1606 4675 praeter
1623 4624 1650 4660 m

365 4679 448 4732 etiam
466 4680 516 4732 illu
535 4694 599 4731 eum
618 4677 747 4731 omnibus
767 4677 824 4731 suis
843 4677 974 4747 partibus
993 4697 1011 4733 a
1034 4682 1136 4732 natura
1154 4681 1303 4748 seiungunt
1428 4677 1593 4732 cohercente
1610 4696 1649 4740 πρ

366 4749 426 4816 (aed
439 4751 471 4802 ia
484 4766 528 4819 me
543 4750 691 4803 coherente
705 4768 726 4802 π
740 4749 888 4803 choerente
904 4754 941 4817 o),
960 4770 981 4803 ω
992 4757 1103 4818 praeter
1115 4754 1139 4803 e
1248 4755 1281 4803 14
1299 4766 1387 4801 unum
1403 4765 1446 4803 ora
1460 4753 1502 4802 Ar
1506 4770 1517 4816 ;
1535 4749 1567 4815 ef
1580 4750 1649 4803 Tim.

365 4826 435 4887 4,12.
455 4826 516 4886 5‚16
535 4821 567 4874 de
584 4826 642 4875 rtet.
662 4821 733 4875 deor.
752 4840 774 4873 11
794 4826 872 4887 33‚84
991 4826 1024 4874 15
1042 4826 1111 4889 que,
1135 4837 1150 4874 e
1168 4823 1200 4874 iu
1217 4837 1265 4874 ros
1283 4837 1321 4889 pr
1338 4826 1370 4874 ret
1387 4820 1438 4873 reid
1455 4838 1477 4873 π
1500 4823 1650 4890 qu(a)eque

365 4911 405 4960 γφ
533 4892 668 4946 materiae
688 4892 824 4958 (materia
843 4897 877 4960 φ)
897 4908 963 4960 pars
983 4896 1033 4946 Dm
1050 4910 1108 4947 ueri
1122 4893 1312 4960 praestantius
1329 4892 1428 4959 opiner
1446 4894 1530 4947 altero
1549 4895 1581 4946 iu
1598 4894 1649 4946 hac

364 4963 474 5031 quidem
486 4964 629 5029 sententie,
648 4980 704 5031 qua
721 4981 778 5018 ucri
797 4965 828 5017 de
846 4964 926 5018 certis
943 4964 1105 5031 quibusdam
1119 4966 1250 5017 maurice
1260 4964 1390 5029 partitus
1403 4964 1497 5032 opiter
1509 4964 1557 5018 sed
1570 4962 1650 5016 nulla

364 5050 431 5102 pars
441 5036 558 5102 portitor
571 5040 604 5087 et
616 5034 689 5088 nihil
702 5036 748 5089 uel
761 5052 796 5088 ne
810 5035 959 5088 minimum
973 5035 1101 5102 quidem.-
1123 5036 1156 5101 ef
1169 5036 1245 5089 Tuae.
1260 5053 1293 5086 111
1308 5037 1386 5100 20‚4e
1405 5033 1582 5103 uoluptatem
1598 5076 1604 5087 .
1620 5076 1626 5087 .
1643 5077 1648 5087 .

364 5105 395 5158 in
418 5121 475 5173 qna
497 5105 612 5159 uirtutis
637 5105 716 5159 nulla
739 5122 805 5174 pars
823 5105 905 5172 insit,
932 5105 999 5160 ibid.
1019 5125 1037 5158 v
1056 5111 1116 5171 o‚15
1134 5105 1213 5159 uitae
1231 5104 1333 5158 beatae
1351 5104 1459 5157 nullam
1477 5108 1588 5174 partem
1605 5121 1649 5159 re·

364 5175 510 5245 linquunt,
537 5178 604 5230 Tim.
625 5182 686 5243 ulo
705 5176 834 5230 utnulla
853 5193 917 5245 pars
936 5176 1054 5231 huiusce
1072 5176 1182 5247 generis
1202 5176 1348 5230 excederet
1366 5178 1445 5230 extra
1553 5180 1648 5245 partes

364 5267 412 5316 μ,ς
426 5266 453 5302 m
562 5254 595 5301 19
614 5264 674 5301 esse
692 5265 736 5303 om
754 5252 782 5301 Γ
895 5252 929 5301 20
944 5256 1008 5315 poet
1025 5247 1173 5317 appellant
1190 5264 1248 5302 aori
1265 5247 1394 5302 incideret
1411 5249 1438 5302 te
1547 5249 1604 5301 sint
1622 5265 1649 5302 m

453 5319 663 5389 prouidentiam
683 5320 846 5385 Lambinus,
864 5321 910 5373 aed
928 5320 993 5373 aide
1011 5320 1044 5373 de
1062 5326 1119 5373 oct.
1139 5320 1340 5377 deor.1122.58
