3750 6475
744 886 747 891 ·
788 860 838 915 DE
850 858 1000 916 'CATVLO
1021 884 1023 888 ·
1118 863 1120 867 ’
1488 863 1532 929 63

276 1050 280 1059 “
308 1040 411 1109 ''DE
433 1039 614 1109 CATVLO
637 1039 828 1108 INDICIA
850 1041 922 1108 EX
943 1039 1157 1110 LVCVLLO
1178 1041 1436 1110 EXCERPTA

264 1169 267 1175 '
772 1165 1009 1233 CERTIORA

336 1317 386 1391 3‚9
411 1315 443 1374 i'n
465 1313 656 1374 Hortensii
684 1315 759 1373 uilla
783 1333 859 1390 quae
882 1315 928 1374 est
951 1313 989 1373 ad
1011 1314 1137 1391 Baulos,
1168 1333 1235 1374 cum
1262 1334 1297 1375 eo
1321 1315 1472 1376 Catulus
1500 1321 1532 1377 et
1558 1339 1571 1379 s

245 1404 419 1465 Lucullus
450 1421 594 1480 nosque·
620 1404 694 1480 ipsi
725 1401 869 1479 postridie
900 1404 1083 1463 uenissemus
1116 1423 1206 1481 quam
1238 1405 1331 1480 apud
1365 1405 1531 1465 Catulum

244 1496 411 1587 trissemus.
457 1495 491 1568 cf
505 1493 601 1568 25,80
622 1491 723 1552 Catuli
747 1491 953 1562 Cumanum,
976 1493 1163 1568 Aepustiuus
1181 1512 1203 1552 c.
1222 1493 1480 1570 Aeud.m16‚35

877 1611 896 1652 ³1²

268 1757 271 1762 .
303 1769 305 1774 ,
334 1709 406 1784 4,11
431 1707 485 1767 isti
508 1707 596 1766 libri
614 1707 683 1766 duo
702 1706 880 1781 Philonis,
904 1706 939 1765 de
959 1705 1067 1782 quibus
1085 1706 1151 1765 heri
1168 1707 1282 1767 dictum
1301 1728 1320 1766 a
1339 1701 1466 1767 Catulo
1486 1711 1531 1768 est
1558 1728 1570 1768 e

335 1799 408 1873 4,12
427 1797 483 1855 illa
501 1796 577 1855 dixit
595 1795 761 1854 Antiochus
781 1814 857 1872 qnae
874 1795 941 1854 heri
960 1793 1109 1856 Catulus
1128 1799 1372 1857 commemorauit
1391 1817 1408 1855 a
1427 1803 1530 1874 patre
1558 1819 1569 1859 r

244 1905 308 1947 suo
330 1886 429 1951 dicta
451 1882 595 1944 Philoni

336 1976 408 2050 7,18
432 1974 536 2033 Philo
565 1978 666 2033 autem
694 1974 764 2032 dum
793 1992 872 2033 noua
900 1973 1047 2050 quaedam
1074 1978 1241 2033 commouet
1259 2020 1266 2032 .
1286 2020 1322 2034 ..
1351 1979 1382 2035 et
1409 1978 1534 2050 aperte
1562 1995 1574 2035 n

244 2067 433 2139 mentitur,
464 2067 499 2123 nt
531 2067 576 2123 est
608 2063 846 2140 reprehensus
875 2063 892 2120 a
919 2066 1022 2138 patre
1051 2061 1195 2137 Catulo,
1228 2067 1257 2122 et
1358 2064 1392 2137 cf
1406 2066 1477 2138 4,12
1502 2065 1530 2122 is

244 2152 377 2229 (Philo)
399 2155 454 2230 qui
475 2155 549 2217 ista
572 2171 649 2229 quae
671 2155 742 2211 sunt
763 2152 828 2216 heri
852 2151 973 2212 defensa
995 2157 1104 2228 negat
1126 2151 1359 2213 Academicos
1386 2155 1528 2212 omnino
1591 2184 1594 2189 ·

244 2245 374 2303 dicere.
414 2243 479 2305 ‘etsi
499 2243 578 2301 enim
600 2243 841 2302 mentitur...

875 2342 894 2383 a

335 2439 429 2513 10‚32
458 2439 564 2497 uolunt
597 2438 676 2496 enim
703 2469 747 2478 -
775 2440 805 2496 et
836 2431 895 2496 hoc
927 2437 1047 2512 quidem
1079 2437 1129 2495 uel
1157 2436 1284 2496 maxime
1311 2457 1365 2497 uos
1396 2437 1528 2497 animad-
1543 2458 1569 2500 re

244 2528 398 2587 uertebam
421 2529 536 2586 moueri
562 2559 596 2568 -
624 2526 817 2604 probabile
841 2527 956 2602 aliquid
979 2545 1042 2586 esse
1065 2530 1095 2586 et
1117 2529 1197 2584 ueri
1219 2527 1353 2601 simile,
1381 2546 1474 2602 eaque
1497 2545 1528 2586 se

243 2617 290 2675 nti
312 2616 440 2694 regula
462 2618 492 2676 et
514 2617 551 2675 in
574 2616 712 2693 agenda
734 2616 814 2675 uita
837 2620 866 2674 et
889 2618 924 2674 in
952 2615 1156 2692 quaerendo
1182 2634 1221 2675 ac
1246 2615 1461 2675 disserendo.
1500 2619 1530 2691 cf

243 2705 338 2765 Acad.
357 2723 381 2763 11
393 2723 426 2780 p.
442 2706 513 2781 59,9
522 2723 552 2764 ss
570 2705 687 2765 Inscull.
709 2706 901 2779 iuss-36.
924 2705 1019 2779 17‚54

335 2795 430 2869 18,60
450 2792 724 2854 Carneadem
745 2796 837 2852 etiam
854 2795 919 2852 heri
937 2794 1131 2853 audiebamus
1149 2793 1272 2853 solitum
1293 2813 1355 2853 esse
1374 2811 1406 2853 eo
1429 2794 1528 2853 delabi
1542 2815 1567 2855 rr

243 2884 424 2944 interdum
447 2886 483 2942 ut
506 2883 643 2942 diceret
662 2885 895 2959 opinaturum
913 2882 944 2941 id
964 2885 1009 2942 est
1026 2887 1219 2958 peccaturum
1237 2901 1300 2942 esse
1320 2884 1527 2960 sapientem.

244 2975 278 3047 cf
293 2974 397 3048 21,67.
423 2973 527 3046 2438.
553 2973 679 3048 35,112.
704 2972 821 3047 48‚148
846 2971 1020 3045 (Certumst)
1049 2971 1088 3031 ad
1110 2974 1226 3048 patris
1249 2973 1389 3031 reuoluor
1411 2975 1528 3031 senten·

242 3063 333 3137 tiam,
356 3081 446 3138 quam
469 3061 589 3138 quidem
611 3061 663 3119 ille
687 3059 927 3120 Carneadeam
955 3079 1017 3120 esse
1045 3061 1176 3137 dicebat,
1202 3065 1238 3120 ut
1265 3061 1405 3138 percipi
1434 3061 1528 3120 nihil

242 3153 345 3228 putem
368 3169 486 3227 posse,
510 3150 743 3211 adsensurum
767 3153 868 3210 autem
890 3168 959 3209 non
981 3150 1208 3227 percepto'id
1231 3155 1276 3210 est
1296 3151 1527 3226 opinaturum

243 3242 443 3321 sapientem
467 3243 654 3316 existumem,
671 3240 729 3298 sed
750 3241 847 3322 ita-ut
864 3240 1066 3318 intellegat
1083 3258 1118 3299 se
1136 3242 1280 3316 opinari
1299 3243 1432 3316 sciatque
1451 3241 1528 3300 nihil

243 3347 306 3391 esse
329 3327 408 3406 quod
430 3329 639 3405 comprehendi
662 3348 697 3389 ac
715 3325 960 3406 percipipos'sit
1185 3340 1187 3344 ’

873 3447 893 3488 e

334 3545 408 3617 4‚10
438 3542 561 3602 Catulus
584 3543 670 3602 «Etsi
696 3542 808 3601 heri..
831 3542 864 3600 id
892 3542 971 3618 quod
999 3542 1197 3617 quaerebatur
1223 3561 1317 3618 paene
1346 3543 1527 3619 explicatum
1540 3563 1567 3603 rs

243 3636 289 3691 est
307 3678 314 3691 .
330 3679 358 3691 ..
381 3637 483 3692 tamen
509 3634 645 3708 exspecto
676 3650 711 3690 ea
739 3649 814 3706 quae
842 3635 872 3690 te
894 3631 1047 3707 pollicitus
1076 3650 1106 3691 es
1129 3631 1253 3691 Luculle
1283 3632 1320 3690 ab
1346 3631 1526 3692 Antiocho

242 3721 348 3780 audita
366 3722 540 3781 dicturum.»
573 3720 755 3796 «Equidem»
773 3722 873 3797 inquit
886 3720 1103 3780 Hortensius
1119 3721 1194 3780 «feci
1206 3721 1275 3797 plns
1294 3741 1384 3797 quam
1401 3721 1526 3798 uellem3

314 3829 332 3869 a
353 3829 514 3870 me..ea
537 3829 626 3887 quae
649 3811 685 3868 in
708 3813 877 3886 promptu
899 3813 1003 3868 erant
1026 3809 1124 3869 dicta
1147 3814 1294 3870 sunt...

333 3900 405 3974 938
433 3900 607 3976 postulabat
634 3898 851 3959 Hortensius
882 3902 917 3958 ut
946 3899 977 3957 id
1004 3901 1103 3976 ipsum
1131 3900 1237 3958 saltem
1268 3903 1477 3977 perceptum
1508 3919 1566 3962 aas

242 3990 407 4065 sapiente
430 3988 581 4062 diceretis,
603 3989 696 4048 nihil
719 4006 823 4064 posse
845 3989 987 4066 percipi

239 4143 456 4158 .---...—
874 4116 893 4157 ‘t

236 4264 267 4318 p.
279 4238 380 4311 'asma
396 4248 433 4303 K.
452 4248 523 4318 figor
541 4247 673 4317 ambigue
688 4246 846 4301 declinatur
860 4246 936 4315 apud
949 4249 1059 4301 ueteres
1073 4249 1199 4316 tempore
1213 4247 1351 4316 perfect03
1370 4248 1525 4316 reperimus

242 4318 318 4373 enim
335 4319 417 4373 fictus
437 4321 466 4374 et
479 4320 562 4373 fixus:
582 4318 700 4373 Scaurus
720 4319 755 4373 de
771 4319 833 4372 uita
854 4336 905 4372 sua
924 4317 1060 4388 ‘sagittis’
1080 4318 1175 4387 inquit
1194 4319 1362 4386 ‘confictus’,
1380 4320 1469 4373 Varro
1488 4319 1525 4373 ad

242 4388 404 4445 Ciceronem
422 4391 507 4445 tertio
523 4390 641 4459 ‘fixum',
656 4392 685 4445 et
699 4390 795 4445 Cicero
810 4388 1026 4444 Academiarum
1041 4392 1093 4456 (sic
1106 4389 1209 4445 codices
1221 4390 1380 4443 »micarum
1394 4392 1526 4445 editiones

242 4464 434 4545 interpolatae,
452 4469 464 4516 t
488 4462 656 4560 nmicprum·
670 4463 782 4544 dicitius
800 4463 870 4529 bmr)
894 4460 1110 4557 tertio'melcho
1129 4462 1158 4514 in
1177 4477 1263 4529 opera
1281 4461 1384 4545 adfixa’
1407 4463 1436 4559 et
1456 4461 1525 4514 Ver·

241 4532 601 4660 &sacrepi-plum&
614 4532 689 4672 gill?
698 4531 1007 4658 sigbilbniffimffim
1022 4618 1082 4656 esse
1096 4532 1525 4671 detlbffiffllitdldqmulglbcufinbliil

242 4678 319 4743 (onte
332 4675 456 4746 malcho)
477 4676 622 4731 ‘indicaui
642 4694 707 4731 nom
722 4693 754 4730 ea
767 4692 838 4745 quoe
851 4681 979 4729 secuntur
993 4691 1026 4729 ex
1043 4675 1100 4729 clio
1118 4677 1260 4743 emptore,
1277 4676 1356 4729 cuius
1369 4692 1467 4729 comeo
1480 4676 1526 4730 acl

240 4748 343 4803 eccidit
360 4749 405 4802 uel
422 4748 454 4800 io
472 4755 598 4817 corrupto
616 4749 750 4803 uocabulo
768 4745 880 4800 melcho
900 4789 905 4800 .
922 4788 928 4799 .
946 4788 951 4799 .
967 4748 1040 4812 lutet,
1058 4748 1144 4801 citata
1162 4763 1217 4801 esse
1235 4747 1386 4800 uideatur’.
1421 4745 1524 4799 malleo

241 4825 266 4874 et
283 4834 367 4887 opere
385 4819 541 4874 bariolutur
558 4837 582 4885 r,
600 4820 671 4873 idem
689 4837 708 4873 o
726 4818 859 4873 Diomede
872 4817 1080 4873 Varronianum
1097 4819 1248 4886 coemptum
1266 4834 1327 4871 cum
1344 4818 1524 4873 Ciceroniano

236 4896 424 4960 permutatum
442 4892 598 4959 suspicatus
722 4891 893 4944 Incertum
910 4890 1035 4944 adscribo
1053 4889 1118 4942 boc:
1135 4890 1248 4943 Nouius
1261 4906 1291 4958 p.
1307 4893 1359 4941 433
1379 4904 1476 4943 sensus
1495 4890 1525 4943 et

241 4977 324 5015 sensa
341 4961 396 5015 hoc
414 4964 588 5030 separantur.
626 4976 723 5015 sensus
743 4961 818 5015 enim
835 4961 902 5014 eunt
920 4960 970 5028 qui
993 4959 1130 5027 sentiunt,
1154 4976 1236 5014 sensa
1258 4976 1331 5028 quae
1355 4959 1523 5014 sentiuntur.

241 5030 338 5087 Cicero
357 5032 392 5086 de
406 5034 516 5087 oratore
534 5036 644 5101 (1832)
666 5033 707 5086 ‘et
725 5032 801 5100 quod
821 5031 975 5101 exprimere
993 5031 1113 5085 dicendo
1132 5047 1213 5084 sensa
1228 5047 1376 5100 possumus
1391 5049 1442 5085 *e*
1457 5047 1524 5083 nam

240 5103 364 5173 primum
381 5103 562 5158 manifestum
580 5106 624 5159 est
643 5105 673 5159 et
690 5119 789 5173 sapere
807 5120 858 5158 nos
872 5120 937 5156 cum
950 5101 1080 5156 incitatio
1094 5101 1192 5156 situel
1206 5103 1314 5156 sensus’
1321 5123 1332 5168 ;
1344 5104 1446 5157 scilicet
1458 5102 1524 5156 baec

237 5177 392 5245 posteriora
414 5192 476 5231 cum
498 5176 617 5232 ciuem
640 5175 778 5231 Ciceronis
800 5191 854 5230 esse
876 5176 1033 5243 suspicatus
1053 5175 1091 5227 sit
1109 5174 1228 5229 Rotbe'as
1248 5174 1369 5228 consuas
1387 5175 1473 5240 fuisse
1491 5174 1524 5226 in

242 5247 421 5301 Academicis.
453 5249 535 5318 perpi
549 5248 642 5316 potuit
659 5246 706 5302 uel
724 5246 839 5314 mentis,
859 5247 888 5299 et
910 5261 995 5315 agere
1018 5244 1128 5312 aliquid
1150 5262 1212 5298 cum
1238 5244 1346 5298 animus
1369 5247 1462 5298 motus
1485 5242 1524 5297 sit

241 5317 278 5371 ed
298 5318 487 5387 appetendum
492 5339 503 5386 ;
520 5320 672 5387 chuesell.
687 5323 755 5385 8‚24.
773 5322 953 5385 10‚30.11,34
