3750 6475
742 1679 1111 1779 LVOVLLVS

244 1841 264 1904 1

247 1918 265 1966 1
375 1875 529 1962 Magnum
553 1877 718 1962 ingenium
741 1874 821 1940 Luci
845 1874 974 1939 Luculli
997 1896 1215 1960 magnumque
1237 1875 1433 1959 optimarum
1453 1876 1571 1940 artium

285 1983 442 2066 studium,
465 1987 535 2047 tum
560 1985 664 2047 omnis
687 1982 831 2047 liberalis
854 1986 887 2046 et
910 1981 1008 2066 digna
1027 1981 1159 2046 homine
1177 1982 1281 2046 nobili
1304 1982 1344 2046 ab
1363 2004 1401 2046 eo
1420 1988 1571 2068 percepta

285 2089 431 2154 doctrina
455 2090 571 2174 quibus
596 2090 797 2174 temporibus
818 2089 932 2154 florere
951 2089 986 2152 in
1003 2089 1075 2153 foro
1094 2089 1234 2153 maxime
1254 2091 1363 2172 potuit
1382 2091 1485 2154 caruit
1504 2112 1571 2154 om-

283 2195 363 2261 nino
391 2197 487 2260 rebus
515 2197 654 2261 urbanis.
704 2201 741 2260 ut
771 2196 856 2260 enim
889 2193 1049 2283 [urbanis]
1080 2195 1253 2260 admodum
1284 2196 1470 2261 adulescens
1499 2219 1571 2261 cum
1599 2222 1611 2263 s

284 2302 384 2367 fratre
412 2305 483 2387 pari
510 2305 629 2388 pietate
658 2307 690 2368 ot
717 2304 875 2367 industria
899 2303 1045 2387 praedito
1069 2307 1219 2387 paternas
1244 2302 1431 2368 inimicitias
1456 2327 1571 2390 magna

282 2429 360 2474 cum
380 2411 483 2496 gloria
502 2414 551 2475 est
569 2414 770 2494 persecutus,
788 2410 824 2473 in
841 2407 953 2475 Asiam
975 2413 1126 2493 quaestor
1143 2409 1309 2493 profectus
1328 2411 1375 2473 ibi
1393 2411 1572 2494 permultos

281 2539 386 2581 :annos
415 2517 597 2581 admirabili
626 2517 763 2602 quadam
791 2516 885 2581 laude
912 2516 1099 2600 prouinciae
1125 2516 1278 2602 praefuit3
1311 2516 1424 2580 deinde
1456 2518 1572 2582 absens

281 2623 391 2688 factus
410 2625 536 2706 aedilis,
559 2625 713 2689 continuo
736 2628 866 2708 praetor
889 2621 1022 2710 (licebat
1040 2623 1126 2687 enim
1145 2623 1279 2687 celerius
1297 2622 1380 2708 legis
1400 2621 1571 2710 praemio)3

285 2734 360 2815 post
383 2731 416 2794 in
440 2728 598 2814 Africam,
621 2730 753 2794 indeed
773 2729 990 2814 consulatum3
1015 2752 1110 2814 quem
1131 2731 1177 2794 ita
1195 2730 1296 2814 gessit
1313 2734 1351 2793 ut
1371 2729 1571 2814 diligentiam
1587 2759 1613 2797 ro

281 2836 519 2902 admirarentur
548 2859 658 2901 omnes
687 2837 852 2922 ingenium
881 2841 1099 2923 agnoscerent
1145 2840 1220 2921 post
1248 2837 1289 2900 ad
1315 2836 1572 2901 Mithridaticum

285 2945 407 3009 bellum
431 2945 548 3008 missus
571 2966 589 3007 a
614 2949 726 3008 senatu
749 2967 816 3008 non
837 2944 934 3008 modo
959 2944 1145 3028 opinionem
1167 2943 1411 3008 uicitomnium
1433 2943 1572 3027 quaeda

246 3051 498 3120 amaricans
522 3054 591 3114 erat
614 3051 670 3115 sed
693 3052 790 3115 etiam
813 3051 950 3136 gloriam
975 3051 1190 3135 superiorum3
1214 3050 1310 3133 idque
1334 3073 1371 3114 eo
1395 3051 1458 3114 fuit
1479 3051 1574 3114 mira·

284 3157 384 3222 bilius
408 3157 494 3241 quod
517 3157 556 3220 ab
580 3179 618 3221 eo
642 3159 712 3222 laus
734 3158 943 3244 imperatoria
966 3178 1033 3221 non
1055 3157 1229 3222 admodum
1255 3157 1495 3243 expectabatur,
1517 3158 1573 3241 qui

285 3265 535 3331 adulescentiam
553 3265 588 3327 in
605 3265 725 3329 forensi
747 3287 856 3349 opera,
876 3269 1068 3349 quaesturae
1087 3264 1276 3329 diuturnum
1296 3269 1423 3347 tempus
1438 3264 1572 3328 Murena
1588 3291 1612 3332 n

285 3371 407 3435 bellum
430 3371 464 3434 in
487 3370 593 3435 Ponto
617 3376 746 3456 gerente
770 3373 804 3436 in
826 3370 923 3437 Asiae
947 3394 1025 3456 pace
1054 3374 1304 3455 consumpserat.
1356 3371 1411 3435 sed
1439 3372 1573 3435 incredi-

284 3478 361 3542 bilis
395 3479 550 3563 quaedam
583 3480 705 3563 ingenii
737 3479 926 3564 magnitudo
959 3500 1026 3543 non
1062 3478 1255 3543 desiderauit
1289 3478 1461 3542 indocilem
1494 3500 1571 3543 usus

282 3584 496 3669 disciplinam.
543 3585 653 3668 itaque
677 3606 749 3648 cum
772 3588 879 3649 totum
903 3587 964 3649 iter
992 3590 1024 3650 et
1050 3585 1291 3670 nauigationem
1320 3586 1572 3668 consumpsisset

282 3692 405 3777 partim
428 3693 463 3755 in
486 3691 704 3774 percontando
728 3693 882 3776 aperitis
905 3694 1023 3776 partim
1047 3693 1082 3756 in
1104 3692 1201 3755 rebus
1225 3691 1325 3776 gestis
1348 3692 1508 3778 legendis,
1537 3693 1571 3755 in

285 3797 397 3863 Asiam
417 3798 521 3862 factus
539 3799 715 3882 imperator
733 3801 835 3882 uenit,
855 3820 928 3863 cum
948 3803 1031 3864 esset
1049 3798 1154 3863 Roma
1173 3797 1336 3881 profectus
1355 3799 1402 3863 rei
1422 3799 1570 3863 militaris
1585 3826 1612 3867 ro
1653 3865 1656 3873 ,

378 4034 391 4081 1
415 4029 448 4082 de
470 4028 648 4096 inscriptione
673 4028 738 4082 nide
757 4045 786 4097 p.
804 4033 891 4095 acal.
912 4033 999 4094 28,23.
1020 4033 1143 4096 33‚4.23.
1165 4033 1244 4096 6630
1265 4035 1290 4083 et
1305 4029 1521 4097 praefationem,
1540 4028 1572 4082 ele

279 4100 420 4168 promnio
431 4116 460 4167 p.
476 4104 554 4166 2823
666 4105 681 4152 2
701 4098 882 4166 luculuculh,
902 4100 1001 4168 qninta
1019 4100 1111 4155 littera
1130 4106 1250 4155 etsexta
1268 4118 1329 4154 enm
1343 4106 1426 4169 parte
1443 4100 1572 4170 septimae

285 4172 317 4223 in
335 4186 395 4235 ras,
413 4176 487 4224 sento
503 4171 559 4225 loco
577 4170 629 4223 nid
647 4169 657 4222 l
675 4171 761 4236 fnisse
781 4171 808 4224 V
898 4173 1001 4261 attrum
1016 4172 1091 4241 prA
1187 4170 1303 4237 tomis,
1322 4170 1348 4223 rs
1363 4172 1395 4224 in
1412 4188 1460 4225 ras
1477 4186 1529 4236 rec,
1543 4172 1571 4224 A

375 4292 425 4345 per
448 4278 565 4345 accepta
585 4276 611 4329 V
628 4259 730 4345 Papia
754 4278 780 4330 Β
897 4283 914 4330 4
937 4278 987 4347 qui
1011 4278 1113 4346 quibus
1137 4278 1360 4333 Haelsenannns
1481 4243 1572 4345 claruit

282 4364 329 4402 ree
343 4348 384 4412 A,
403 4349 465 4402 item
483 4354 515 4401 at
533 4348 584 4401 nid
602 4349 630 4401 Β
737 4353 752 4401 ὁ
767 4348 852 4402 rebus
862 4348 993 4401 humanus
1005 4351 1037 4402 ut
1050 4366 1126 4404 emm
1140 4348 1256 4402 urbanis
1267 4349 1420 4402 admodum
1437 4350 1494 4402 AB
1498 4389 1507 4415 ,
1525 4349 1571 4403 sed

283 4430 402 4518 urbanis
416 4472 460 4509 ree
475 4456 503 4507 A
526 4454 583 4519 reb;
607 4454 737 4507 humaml
757 4456 838 4508 utoni
860 4455 1014 4509 admodum
1034 4456 1064 4509 V.
1106 4472 1168 4511 corr
1190 4456 1246 4510 deti
1262 4456 1319 4510 Ven
1337 4475 1377 4521 11‚·
1402 4456 1494 4510 meridi
1516 4456 1570 4509 cri-

281 4527 376 4597 pineta
398 4527 550 4595 explicanti
572 4528 711 4581 Danisins
829 4531 844 4579 6
869 4528 898 4580 et
921 4527 979 4580 adel
999 4527 1026 4580 V
1140 4532 1153 4579 7
1173 4526 1316 4595 profectos
1331 4544 1369 4595 pe
1386 4528 1413 4581 A
1521 4542 1572 4595 per

281 4595 390 4651 multos
408 4614 470 4651 eam
488 4598 554 4652 aliis
572 4599 729 4652 nealnernnt
747 4598 774 4651 tb
789 4604 900 4666 praeter
917 4614 999 4651 nsum
1019 4597 1157 4653 Ciceronis
1265 4597 1390 4668 Sppfurt
1404 4616 1437 4653 en
1449 4596 1529 4672 phut
1543 4600 1570 4651 A

283 4666 423 4737 praefuit,
442 4667 500 4721 efur
519 4670 550 4721 in
568 4685 628 4735 ras,
648 4674 703 4723 aet
716 4670 729 4721 t
742 4670 790 4723 red
805 4670 833 4722 Β
943 4674 975 4721 10
994 4668 1049 4735 ita,
1068 4669 1079 4721 i
1097 4685 1140 4723 rec
1159 4670 1191 4722 in
1208 4687 1256 4723 ras
1274 4670 1406 4738 ampliore
1424 4670 1452 4723 A
1471 4668 1524 4721 rste
1533 4686 1572 4737 pr

291 4739 318 4793 V
413 4741 446 4793 ut
460 4739 517 4793 add
536 4740 563 4793 V
668 4745 699 4793 11
719 4740 776 4809 ing.
796 4740 948 4809 prudentes
969 4756 1034 4809 agn.
1058 4741 1085 4794 ei
1107 4741 1326 4796 Reitzensteinns
1349 4742 1374 4794 el
1398 4742 1460 4795 Tac.
1475 4741 1570 4811 Apris.

283 4815 371 4865 40ece.
494 4816 526 4865 12
544 4809 633 4863 mlffis
647 4827 685 4879 pr
702 4811 788 4865 AVB
916 4817 949 4865 14
973 4811 1176 4880 expectabatur
1199 4811 1255 4866 dett
1278 4812 1349 4866 Ron
1372 4810 1471 4881 specto
1486 4812 1571 4866 AVB

377 4886 410 4935 15
430 4881 620 4935 adulescentia
639 4899 673 4937 en
690 4898 730 4935 «a
749 4882 811 4936 AV
828 4881 1036 4950 advulesccntla
1051 4883 1079 4935 Β
1195 4888 1228 4935 16
1248 4882 1306 4937 asra
1327 4883 1378 4937 Vtr
1391 4883 1489 4937 Asiam
1507 4883 1571 4946 dett,

282 4953 359 5007 nnete
378 4954 407 5006 in
426 4953 494 5006 Asia
512 4953 542 5005 in
560 4969 631 5023 pace
648 4954 812 5009 Gulielmius
826 4972 852 5007 m
871 4954 902 5005 in
918 4954 1026 5025 [Asiae]
1045 4970 1115 5023 pace
1134 4956 1157 5009 b.
1186 4956 1219 5021 cf
1230 4970 1284 5023 pro
1305 4954 1408 5009 Olnent.
1426 4959 1521 5020 69‚195
1540 4953 1571 5006 in

282 5025 427 5078 communi
450 5024 551 5078 Italiae
570 5040 639 5094 pace
763 5031 794 5079 17
816 5024 896 5078 usum
913 5043 950 5094 pr
963 5027 991 5079 Β
1115 5030 1147 5079 19
1166 5026 1326 5097 pcontcndo
1345 5028 1373 5080 A
1394 5045 1413 5097 p
1432 5024 1571 5080 contenda

281 5129 320 5181 pr
339 5112 365 5165 r
380 5113 579 5185 porponansa
598 5115 626 5167 n
747 5114 887 5184 regendi,
906 5114 924 5167 c
943 5115 1096 5184 aaronica
1114 5115 1172 5181 fate
1190 5114 1276 5169 aare
1295 5115 1323 5169 r
1437 5120 1470 5167 ao
1489 5092 1571 5186 poet

282 5200 320 5237 en
342 5202 384 5255 pe
403 5186 430 5238 A
564 5186 751 5241 scholiasta
777 5186 1020 5241 Grononinnas
1043 5188 1081 5241 ael
1103 5193 1172 5241 orat.
1192 5203 1244 5255 pro
1268 5187 1322 5256 lepe
1346 5187 1472 5241 Manilia
1492 5189 1570 5252 1038

279 5271 312 5323 p.
328 5260 425 5321 441,10
442 5255 521 5310 Orell.
542 5258 652 5311 constat
669 5256 817 5311 Lucullum
835 5273 925 5325 usque
942 5257 979 5311 ad
992 5260 1121 5327 tempora
1140 5256 1301 5311 consulatus
1321 5260 1464 5326 expertem
1482 5256 1568 5311 fuisse

340 5354 429 5395 crosno
444 5356 479 5395 ed.
493 5356 634 5404 Plasberg
1340 5352 1356 5399 5
