3750 6475
285 840 329 906 60
787 835 1065 893 scansmcvsu

284 1012 385 1086 potest
406 1010 553 1084 inuitare3
576 1009 638 1068 sine
662 1007 836 1067 adsensione
860 1011 962 1066 autem
985 1007 1051 1067 dico
1074 1011 1110 1066 nt
1131 1007 1163 1066 id
1187 1007 1267 1083 quod
1286 1009 1401 1086 agimus
1424 1027 1486 1068 nou
1508 1010 1580 1085 opi·

285 1118 391 1157 nemun
413 1116 517 1157 uerum
540 1115 604 1157 esse
627 1101 680 1156 aut
702 1116 756 1155 nos
779 1095 810 1154 id
833 1097 908 1156 scire
932 1095 1124 1171 arbitremur,
1152 1114 1277 1174 agamus
1295 1099 1403 1156 tamon.
1425 1098 1582 1159 ..tana

285 1188 361 1245 mihi
384 1187 525 1246 uidentur
549 1188 650 1246 omnia
673 1205 749 1261 quae
772 1184 943 1262 probabilia
964 1185 1015 1244 nel
1035 1185 1100 1244 ueri
1118 1185 1230 1245 similia
1246 1185 1354 1261 putaui
1372 1185 1579 1265 nominanda3

287 1294 363 1352 quae
386 1279 422 1334 tu
446 1278 473 1334 si
495 1275 555 1335 alio
579 1277 698 1334 nomine
720 1277 767 1335 uis
789 1292 911 1351 uocare,
933 1274 1010 1332 nihil
1027 1293 1174 1352 repugno,
1193 1276 1268 1334 satis
1286 1276 1366 1333 enim
1383 1275 1458 1334 mibi
1476 1279 1524 1336 est
1543 1279 1580 1336 te

258 1366 347 1426 siam
369 1365 443 1424 bene
468 1364 615 1441 accepisse
640 1363 712 1440 qnid
735 1364 846 1438 dicam,
871 1364 903 1423 id
926 1367 971 1422 cst
995 1363 1102 1438 quibus
1124 1363 1211 1422 rebus
1234 1363 1306 1422 baec
1329 1363 1452 1423 nomina
1473 1366 1578 1441 impo-

285 1474 368 1528 nam3
391 1473 451 1512 non
475 1455 554 1512 enim
577 1453 792 1512 uocabulorum
815 1452 952 1528 opificem
975 1452 1026 1511 sed
1049 1471 1148 1511 rerum
1170 1453 1379 1528 inquisitorem
1402 1453 1487 1513 decet
1507 1473 1578 1516 esse

286 1545 460 1620 sapientem.
918 1588 937 1630 *

258 1696 433 1784 afrangere
455 1697 643 1783 auaritiam,
666 1697 785 1761 scelera
807 1717 941 1781 ponere,
963 1696 1065 1760 uitam
1090 1717 1180 1759 suam
1199 1717 1357 1779 exponere
1380 1696 1420 1761 ad
1443 1697 1578 1763 imitan-

286 1805 361 1869 dum
385 1804 548 1868 iuuentuti
918 1855 938 1897 3

245 1990 272 2032 ro
286 1965 342 2048 qui
370 1965 455 2028 enim
484 1963 585 2028 serius
610 1963 749 2029 honores
771 1964 1017 2048 adamauerunt,
1046 1962 1103 2026 uix
1130 1963 1347 2027 admittuntur
1369 1963 1410 2028 ad
1432 1985 1488 2029 eos
1512 1986 1575 2030 nec

287 2073 365 2136 satis
390 2070 603 2136 commendati
625 2070 826 2136 multitudini
849 2074 987 2154 possunt
1009 2091 1078 2133 esse

915 2193 934 2235 s

247 2328 272 2369 ιι
286 2308 465 2368 Academico
494 2308 623 2384 sapienti
652 2308 689 2366 ab
718 2307 856 2367 omnibus
883 2309 1051 2365 ceterarum
1074 2309 1235 2380 sectarum,
1263 2307 1315 2381 qui
1339 2306 1397 2366 sibi
1420 2309 1575 2384 sapientes

286 2397 441 2472 uidentur,
470 2397 613 2456 secundas
635 2401 737 2473 partes
760 2397 838 2470 dari,
865 2414 932 2454 cum
955 2395 1067 2471 primas
1091 2395 1147 2454 sibi
1170 2414 1320 2471 quemque
1343 2395 1497 2456 uindicare
1520 2417 1572 2456 ne·

285 2505 365 2545 cesse
389 2489 441 2560 sit3
469 2506 503 2544 ex
532 2505 591 2562 quo
618 2505 705 2562 posse
731 2485 927 2562 probabiliter
955 2483 1058 2542 confici
1088 2503 1157 2542 eum
1179 2487 1259 2543 recte
1282 2487 1412 2560 primum
1437 2504 1501 2545 osse
1524 2489 1573 2545 in-

245 2599 271 2638 ιι
285 2575 364 2635 dicio
388 2593 443 2634 suo
465 2578 519 2651 qui
541 2578 674 2635 omnium
696 2579 862 2634 ceterorum
885 2573 995 2631 iudicio
1021 2574 1062 2632 sit
1082 2573 1237 2632 secundus.
1281 2565 1358 2632 ¹⁶fac
1382 2575 1461 2633 enim
1484 2575 1572 2634 uerbi

285 2682 376 2723 causa
401 2663 533 2724 Stoicum
562 2664 665 2723 adesse
693 2664 871 2740 sapientem3
902 2683 974 2720 nam
999 2666 1103 2721 contra
1125 2681 1175 2721 eos
1197 2662 1386 2738 potissimum
1413 2663 1572 2723 Academi·

285 2772 388 2812 corum
414 2754 525 2812 exarsit
547 2755 708 2830 ingenium.
755 2771 824 2830 ergo
849 2753 926 2810 Zeno
955 2751 1005 2810 uel
1033 2750 1215 2827 Chrysippus
1243 2751 1269 2810 si
1292 2752 1495 2830 interrogetur
1517 2756 1573 2830 qui

286 2842 327 2901 sit
348 2841 466 2918 sapiens
485 2842 676 2918 respondebit
694 2861 762 2900 eum
785 2860 847 2900 esse
871 2860 960 2917 quem
983 2841 1046 2916 ipse
1069 2840 1272 2916 descripserit3
1295 2844 1399 2900 contra
1422 2841 1573 2917 Epicurus

286 2930 336 2989 uel
360 2931 427 3006 quis
447 2931 523 2990 alius
543 2931 784 2989 aduersariorum
802 2930 924 3007 negabit
942 2948 1089 3005 suumque
1108 2932 1208 3005 potius
1226 2929 1443 3005 peritissimum
1461 2931 1572 3009 uolup-

246 3041 272 3082 ιι
287 3022 385 3077 tatum
418 3039 562 3095 aucupem
591 3021 757 3096 sapientem
785 3038 847 3078 csse
879 3017 1045 3077 contendet.
1096 3017 1165 3077 inde
1198 3018 1236 3076 ad
1269 3019 1407 3096 iurgium.
1459 3020 1574 3080 clamat

287 3109 366 3167 Zeno
395 3112 426 3167 et
452 3111 520 3168 tota
547 3108 601 3167 illa
628 3109 759 3184 porticus
787 3108 990 3166 tumultuatur
1016 3107 1165 3167 hominem
1193 3110 1298 3166 natum
1325 3106 1364 3166 ad
1387 3109 1463 3167 nihil
1486 3109 1572 3168 aliud

286 3216 349 3258 esse
378 3217 470 3274 quum
497 3197 697 3274 honestatem,
727 3200 824 3274 ipsam
847 3215 899 3256 suo
923 3195 1079 3272 splendore
1102 3197 1141 3255 ad
1164 3215 1195 3256 se
1218 3198 1333 3258 animos
1357 3197 1463 3259 ducere
1486 3199 1573 3260 nullo

285 3306 407 3363 prorsus
431 3288 585 3348 commodo
609 3288 790 3347 extrinsecus
812 3287 912 3363 posito
936 3288 967 3344 et
988 3286 1073 3361 quasi
1091 3285 1280 3346 lenocinante
1299 3288 1442 3362 mercede,
1464 3288 1573 3365 uolup-

286 3379 441 3453 tatemque
464 3376 549 3435 illam
572 3377 697 3454 Epicuri
721 3376 791 3436 solis
814 3379 894 3435 inter
916 3393 947 3434 se
970 3374 1126 3450 pecoribus
1145 3394 1208 3435 esse
1228 3395 1424 3452 communem,
1445 3378 1478 3435 in
1497 3397 1572 3454 quo·

376 3588 391 3634 2
406 3599 456 3636 nos
473 3582 526 3637 Cas
540 3598 597 3635 non
611 3582 679 3636 Fris
693 3584 753 3636 Par
767 3582 836 3636 tbucr
939 3584 1089 3650 exemplum
1102 3582 1217 3649 aliquod
1229 3583 1312 3636 etiam
1325 3583 1402 3651 apud
1418 3582 1573 3648 Oicerm

284 3656 370 3720 fuisse
384 3661 457 3722 puta
574 3658 590 3705 4
609 3652 693 3724 nihil]
712 3671 768 3707 non
786 3671 813 3707 m
928 3658 980 3706 8.9
998 3655 1046 3719 (fr.
1057 3658 1086 3721 ὅ)
1101 3654 1135 3705 N
1136 3654 1237 3707 euius
1249 3672 1279 3722 p.
1292 3658 1343 3706 104
1362 3668 1501 3721 exponere
1519 3671 1572 3722 pro

285 3724 415 3792 exempla
429 3724 497 3778 boni
511 3725 660 3778 ostentare.
697 3724 793 3778 Cicero
807 3724 985 3779 Academicis
999 3723 1049 3778 lib.
1058 3743 1081 3776 11
1096 3723 1237 3793 ‘frangere
1254 3767 1295 3778 ...
1311 3724 1473 3779 iuuentuti'.
1496 3729 1530 3793 cf
1538 3726 1574 3780 de

285 3799 334 3867 lep.
349 3815 381 3848 111
397 3800 474 3860 13‚s1
567 3801 583 3849 8
597 3796 695 3863 ponire
709 3813 742 3850 eu
756 3796 824 3863 poni
833 3814 871 3864 pr
882 3796 963 3862 Laid,
977 3796 1050 3849 uude
1061 3795 1176 3863 poenire
1189 3798 1234 3850 uel
1243 3796 1342 3863 punire
1354 3796 1471 3851 Guictus
1479 3797 1572 3851 Liad-

284 3884 385 3938 sapum
399 3868 445 3920 sed
463 3866 535 3920 uitia
553 3882 689 3934 ponemus
702 3868 813 3934 scripsit
827 3868 859 3920 de
873 3873 942 3921 orat.
957 3886 990 3918 111
1007 3871 1093 3932 1246,
1110 3867 1250 3934 suscipere
1265 3867 1371 3921 scelera
1384 3884 1464 3936 saepe

285 3937 441 3991 mitandum
453 3956 492 4006 pr
505 3938 577 3991 Laid
685 3943 771 3991 10.11
788 3938 835 4003 (fr.
851 3941 880 4005 l)
896 3939 929 3990 N
931 3939 1032 3992 ouius
1041 3955 1072 4005 p.
1083 3943 1117 3990 69
1132 3938 1265 3991 adamare
1279 3937 1374 3992 Cicero
1388 3937 1573 3994 Academico·

285 4026 348 4062 rum
359 4011 427 4074 (mco
437 4011 537 4078 pauci)
548 4006 596 4061 lib.
606 4026 628 4060 rr
640 4008 700 4076 ‘qui
711 4049 717 4060 .
730 4050 735 4060 .
748 4049 753 4060 ,
765 4008 836 4060 esse'
936 4013 969 4061 12
977 4024 1004 4062 ss
1014 4010 1062 4074 (fr.
1073 4014 1107 4061 34
1117 4010 1160 4063 tbr
1170 4014 1204 4062 20
1213 4013 1253 4076 m)
1263 4011 1440 4081 Augustinus
1448 4028 1470 4064 c.
1482 4012 1572 4066 Aeaci.

285 4100 318 4133 111
339 4084 425 4145 'labe
443 4082 486 4133 est
504 4080 534 4132 in
552 4078 633 4132 libris
651 4078 792 4133 Ciceronis
811 4096 880 4146 quos
899 4079 928 4133 in
943 4079 1026 4132 huius
1045 4094 1146 4133 causae
1164 4081 1351 4147 patrocinium
1366 4081 1479 4150 scripsit
1492 4080 1574 4136 locus

286 4151 410 4221 quidam,
429 4154 462 4204 ut
480 4150 550 4205 mihi
568 4149 681 4204 uidetur
699 4150 771 4203 mira
784 4149 947 4204 urbanitate
970 4150 1113 4214 conditus,
1135 4154 1168 4204 ut
1190 4168 1247 4205 nou
1265 4152 1350 4206 nullis
1370 4155 1465 4207 autem
1483 4154 1572 4207 etiam

285 4222 419 4276 firmitate
442 4222 598 4276 roboratus.
637 4220 754 4275 difficile
776 4223 820 4275 est
842 4238 956 4289 prorsus
978 4224 1011 4275 ut
1033 4238 1201 4290 quemquam
1224 4239 1281 4277 nou
1303 4226 1417 4278 moneat
1435 4224 1573 4292 quodibi

286 4295 395 4348 dictum
414 4296 465 4359 est,
484 4292 654 4347 Academico
670 4334 787 4346 ......
802 4293 932 4361 Epicuro.
960 4293 1003 4347 ita
1021 4308 1160 4361 peraeque
1178 4310 1266 4363 prope
1286 4295 1321 4350 de
1337 4294 1466 4349 omnibus
1486 4297 1573 4351 sectis

286 4365 478 4434 copiosissime
497 4363 593 4418 Cicero
612 4363 844 4418 iucundissimum
862 4363 1023 4435 legentibus
1042 4366 1123 4432 quasi
1137 4365 1329 4434 spectaculum
1348 4366 1473 4434 praebet,
1491 4367 1574 4422 uelut

286 4435 438 4491 ostendeus
456 4435 566 4489 nullum
584 4434 697 4489 illorum
716 4451 777 4489 esse
800 4435 849 4504 qui
868 4453 937 4503 nou,
960 4453 1023 4489 cum
1043 4434 1096 4489 sibi
1115 4437 1220 4503 primas
1239 4440 1334 4505 partes
1352 4438 1475 4504 dederit,
1494 4440 1571 4508 quod

285 4523 399 4563 necesse
423 4509 478 4574 est,
505 4507 643 4562 secundas
667 4506 693 4560 ei
717 4506 794 4561 dicat
817 4508 883 4561 darc
907 4523 991 4576 quem
1014 4524 1071 4561 non
1094 4524 1252 4578 repugnare
1276 4508 1326 4563 sed
1350 4509 1480 4564 dubitare
1505 4526 1571 4565 con·

286 4580 415 4648 spexerit.
453 4579 483 4631 in
502 4595 557 4646 quc
577 4594 629 4649 ego
648 4578 720 4632 nihil
735 4578 906 4632 aduersabor
920 4595 972 4632 nec
986 4578 1027 4633 eis
1040 4578 1129 4632 ullam
1144 4580 1269 4633 auferam
1283 4579 1410 4649 gloriam.
1439 4580 1574 4635 uideatur

288 4666 354 4704 sane
374 4649 548 4718 quibuslibet
566 4650 661 4705 Cicero
680 4650 727 4704 hic
745 4667 801 4704 non
820 4651 937 4716 iocatus,
957 4650 1006 4703 scd
1024 4650 1121 4704 inanis
1139 4652 1168 4703 et
1185 4652 1305 4706 ueutcsu
1323 4651 1475 4719 quasdam,
1494 4654 1572 4721 quod

285 4721 321 4775 ab
341 4722 466 4789 ipsorum
485 4720 685 4776 Graeculorum
703 4721 821 4776 leuitate
845 4721 1020 4786 abhorreret,
1045 4722 1125 4790 sequi
1148 4725 1177 4776 ct
1200 4721 1332 4792 colligere
1349 4723 1481 4777 uoluisse.
1520 4726 1574 4779 etsi

280 4794 425 4863 probabile
444 4800 483 4847 est
500 4794 690 4863 Augustiuum
708 4796 845 4848 ucuuullu
858 4796 887 4848 iu
902 4794 946 4847 bis
959 4810 1008 4847 suo
1021 4810 1094 4847 marc
1109 4793 1230 4863 ‘propter
1241 4794 1393 4860 faciliorem
1407 4797 1573 4850 intellectum

284 4866 330 4919 uel
343 4866 558 4934 mustarabicae
575 4866 621 4919 uel
637 4865 781 4934 paululum
801 4864 988 4919 ccurmutasse'
1008 4870 1040 4918 ut
1053 4866 1095 4919 ait
1112 4867 1170 4932 ipsc
1185 4866 1218 4919 de
1231 4868 1285 4919 eiu.
1300 4867 1357 4920 Dei
1369 4885 1390 4918 11
1404 4872 1420 4918 9
1435 4868 1480 4933 (of
1488 4885 1522 4920 111
1536 4873 1572 4921 lb

284 4954 333 4989 ιιι
348 4941 362 4989 1
382 4936 463 5004 racd.)
487 4938 532 4991 uel
549 4937 588 4990 ad
605 4953 685 4990 suum
704 4937 833 5004 lcqueucli
849 4953 931 4991 usum
949 4936 1162 4991 accomomdasse
1181 4939 1328 5005 (utquam
1342 4954 1396 5005 pro
1409 4937 1465 4990 uisi
1482 4954 1510 4992 u.
1527 4944 1572 5005 22,

285 5007 334 5075 qui
349 5024 403 5076 pro
420 5008 485 5060 uter
498 5025 528 5076 p.
544 5011 641 5075 c1‚10;
659 5008 690 5073 cs
702 5008 771 5062 Tim.
788 5012 866 5071 11‚40
885 5008 918 5061 cle
936 5007 1410 5077 uat.d.111,261128,'10),tameu
1424 5011 1506 5064 uiam
1518 5011 1573 5064 illa

285 5095 355 5147 quae
368 5080 503 5147 proponit
519 5096 547 5132 u.
565 5085 632 5132 lass
650 5080 691 5132 ita
709 5080 777 5132 mibi
794 5082 858 5133 uisu
876 5083 942 5133 suut
961 5078 1170 5134 Oiccrcuiauum
1188 5080 1302 5148 leporem
1316 5081 1520 5149 praeseferre,
1538 5088 1571 5135 ut

284 5166 393 5274 ιιι
406 5150 869 5291 ιι
1007 5151 1222 5277 ιιι
1237 5152 1391 5290 ch..
1411 5157 1504 5278 ιι

286 5298 319 5345 22
338 5308 423 5360 quam
442 5291 479 5346 ad
497 5294 525 5347 to
