<?xml version="1.0" encoding="UTF-8"?>
<!DOCTYPE html PUBLIC "-//W3C//DTD XHTML 1.0 Transitional//EN"
    "http://www.w3.org/TR/xhtml1/DTD/xhtml1-transitional.dtd">
<html xmlns="http://www.w3.org/1999/xhtml" xml:lang="en" lang="en">
 <head>
  <title>
</title>
<meta http-equiv="Content-Type" content="text/html;charset=utf-8" />
  <meta name='ocr-system' content='tesseract 3.04.00' />
  <meta name='ocr-capabilities' content='ocr_page ocr_carea ocr_par ocr_line ocrx_word'/>
</head>
<body>
  <div class='ocr_page' id='page_1' title='image "./mtvlliciceronis00plasgoog_0036.png"; bbox 0 0 3750 6475; ppageno 0'>
   <div class='ocr_carea' id='block_1_1' title="bbox 456 1721 1650 1809">
    <p class='ocr_par' dir='ltr' id='par_1_1' title="bbox 456 1721 1650 1809">
     <span class='ocr_line' id='line_1_1' title="bbox 456 1721 1650 1809; baseline -0.001 -21"><span class='ocrx_word' id='word_1_1' title='bbox 456 1731 495 1788; x_wconf 83' lang='lat' dir='ltr'>ud</span> <span class='ocrx_word' id='word_1_2' title='bbox 518 1727 648 1788; x_wconf 78' lang='lat' dir='ltr'>Atticum</span> <span class='ocrx_word' id='word_1_3' title='bbox 672 1729 806 1801; x_wconf 82' lang='lat' dir='ltr'>x1138,3</span> <span class='ocrx_word' id='word_1_4' title='bbox 827 1721 950 1809; x_wconf 83' lang='lat' dir='ltr'>(38a1)</span> <span class='ocrx_word' id='word_1_5' title='bbox 974 1729 1051 1786; x_wconf 77' lang='lat' dir='ltr'>Nou.</span> <span class='ocrx_word' id='word_1_6' title='bbox 1069 1729 1147 1786; x_wconf 68' lang='grc' dir='ltr'>Μαί.</span> <span class='ocrx_word' id='word_1_7' title='bbox 1170 1727 1285 1786; x_wconf 84' lang='lat' dir='ltr'>Astura</span> <span class='ocrx_word' id='word_1_8' title='bbox 1307 1729 1346 1801; x_wconf 88' lang='lat' dir='ltr'>si,</span> <span class='ocrx_word' id='word_1_9' title='bbox 1374 1728 1426 1803; x_wconf 91' lang='lat' dir='ltr'>qui</span> <span class='ocrx_word' id='word_1_10' title='bbox 1453 1748 1499 1786; x_wconf 94' lang='lat' dir='ltr'>me</span> <span class='ocrx_word' id='word_1_11' title='bbox 1522 1730 1650 1788; x_wconf 82' lang='lat' dir='ltr'>fractum</span> 
     </span>
    </p>
   </div>
   <div class='ocr_carea' id='block_1_2' title="bbox 326 1817 1652 4660">
    <p class='ocr_par' dir='ltr' id='par_1_2' title="bbox 326 1817 1652 4660">
     <span class='ocr_line' id='line_1_2' title="bbox 366 1817 1650 1895; baseline 0.001 -19"><span class='ocrx_word' id='word_1_12' title='bbox 366 1837 427 1878; x_wconf 92' lang='lat' dir='ltr'>esse</span> <span class='ocrx_word' id='word_1_13' title='bbox 457 1819 555 1876; x_wconf 90' lang='lat' dir='ltr'>animo</span> <span class='ocrx_word' id='word_1_14' title='bbox 583 1821 614 1876; x_wconf 94' lang='lat' dir='ltr'>et</span> <span class='ocrx_word' id='word_1_15' title='bbox 641 1817 830 1876; x_wconf 90' lang='lat' dir='ltr'>debilitatum</span> <span class='ocrx_word' id='word_1_16' title='bbox 856 1821 978 1893; x_wconf 84' lang='lat' dir='ltr'>putant,</span> <span class='ocrx_word' id='word_1_17' title='bbox 1010 1818 1106 1876; x_wconf 85' lang='lat' dir='ltr'>sciant</span> <span class='ocrx_word' id='word_1_18' title='bbox 1135 1818 1207 1892; x_wconf 90' lang='lat' dir='ltr'>quid</span> <span class='ocrx_word' id='word_1_19' title='bbox 1234 1818 1403 1876; x_wconf 88' lang='lat' dir='ltr'>litterarum</span> <span class='ocrx_word' id='word_1_20' title='bbox 1433 1822 1463 1876; x_wconf 92' lang='lat' dir='ltr'>et</span> <span class='ocrx_word' id='word_1_21' title='bbox 1490 1821 1574 1877; x_wconf 89' lang='lat' dir='ltr'>cuius</span> <span class='ocrx_word' id='word_1_22' title='bbox 1601 1838 1650 1895; x_wconf 81' lang='lat' dir='ltr'>ge·</span> 
     </span>
     <span class='ocr_line' id='line_1_3' title="bbox 366 1905 1650 1980; baseline 0.001 -14"><span class='ocrx_word' id='word_1_23' title='bbox 366 1907 444 1966; x_wconf 87' lang='lat' dir='ltr'>neris</span> <span class='ocrx_word' id='word_1_24' title='bbox 472 1907 638 1980; x_wconf 86' lang='lat' dir='ltr'>conficiam,</span> <span class='ocrx_word' id='word_1_25' title='bbox 666 1905 766 1980; x_wconf 87' lang='lat' dir='ltr'>credo,</span> <span class='ocrx_word' id='word_1_26' title='bbox 794 1907 818 1965; x_wconf 92' lang='lat' dir='ltr'>si</span> <span class='ocrx_word' id='word_1_27' title='bbox 846 1906 934 1966; x_wconf 89' lang='lat' dir='ltr'>modo</span> <span class='ocrx_word' id='word_1_28' title='bbox 961 1906 1095 1965; x_wconf 85' lang='lat' dir='ltr'>homines</span> <span class='ocrx_word' id='word_1_29' title='bbox 1123 1906 1196 1980; x_wconf 88' lang='lat' dir='ltr'>sint,</span> <span class='ocrx_word' id='word_1_30' title='bbox 1229 1908 1399 1965; x_wconf 79' lang='lat' dir='ltr'><strong>existiment</strong></span> <span class='ocrx_word' id='word_1_31' title='bbox 1426 1927 1486 1980; x_wconf 85' lang='lat' dir='ltr'>me,</span> <span class='ocrx_word' id='word_1_32' title='bbox 1513 1908 1578 1967; x_wconf 85' lang='lat' dir='ltr'>siue</span> <span class='ocrx_word' id='word_1_33' title='bbox 1606 1911 1650 1968; x_wconf 89' lang='lat' dir='ltr'>ita</span> 
     </span>
     <span class='ocr_line' id='line_1_4' title="bbox 366 1994 1650 2071; baseline 0.002 -17"><span class='ocrx_word' id='word_1_34' title='bbox 366 1998 483 2055; x_wconf 86' lang='lat' dir='ltr'>leuatus</span> <span class='ocrx_word' id='word_1_35' title='bbox 507 1999 563 2055; x_wconf 89' lang='lat' dir='ltr'>sim</span> <span class='ocrx_word' id='word_1_36' title='bbox 586 2000 620 2054; x_wconf 93' lang='lat' dir='ltr'>ut</span> <span class='ocrx_word' id='word_1_37' title='bbox 644 1996 776 2054; x_wconf 91' lang='lat' dir='ltr'>animum</span> <span class='ocrx_word' id='word_1_38' title='bbox 799 2014 925 2054; x_wconf 86' lang='lat' dir='ltr'>uacuum</span> <span class='ocrx_word' id='word_1_39' title='bbox 947 1996 984 2054; x_wconf 88' lang='lat' dir='ltr'>ad</span> <span class='ocrx_word' id='word_1_40' title='bbox 1007 2014 1053 2054; x_wconf 89' lang='lat' dir='ltr'>res</span> <span class='ocrx_word' id='word_1_41' title='bbox 1077 1995 1213 2054; x_wconf 87' lang='lat' dir='ltr'>difficiles</span> <span class='ocrx_word' id='word_1_42' title='bbox 1237 1994 1406 2054; x_wconf 83' lang='lat' dir='ltr'>scribendas</span> <span class='ocrx_word' id='word_1_43' title='bbox 1429 1995 1576 2071; x_wconf 89' lang='lat' dir='ltr'>adferam,</span> <span class='ocrx_word' id='word_1_44' title='bbox 1604 2017 1650 2056; x_wconf 89' lang='lat' dir='ltr'>re-</span> 
     </span>
     <span class='ocr_line' id='line_1_5' title="bbox 339 2084 1650 2163; baseline 0.002 -20"><span class='ocrx_word' id='word_1_45' title='bbox 339 2084 606 2162; x_wconf 80' lang='lat' dir='ltr'>sprchendendnm</span> <span class='ocrx_word' id='word_1_46' title='bbox 630 2104 689 2144; x_wconf 91' lang='lat' dir='ltr'>non</span> <span class='ocrx_word' id='word_1_47' title='bbox 713 2102 784 2158; x_wconf 89' lang='lat' dir='ltr'>esse,</span> <span class='ocrx_word' id='word_1_48' title='bbox 808 2084 870 2142; x_wconf 87' lang='lat' dir='ltr'>siue</span> <span class='ocrx_word' id='word_1_49' title='bbox 892 2085 970 2142; x_wconf 91' lang='lat' dir='ltr'>hanc</span> <span class='ocrx_word' id='word_1_50' title='bbox 993 2085 1211 2143; x_wconf 72' lang='lat' dir='ltr'>aberrationem</span> <span class='ocrx_word' id='word_1_51' title='bbox 1234 2103 1253 2142; x_wconf 86' lang='lat' dir='ltr'>a</span> <span class='ocrx_word' id='word_1_52' title='bbox 1276 2085 1377 2143; x_wconf 91' lang='lat' dir='ltr'>dolore</span> <span class='ocrx_word' id='word_1_53' title='bbox 1395 2085 1556 2163; x_wconf 81' lang='lat' dir='ltr'>delegerim</span> <span class='ocrx_word' id='word_1_54' title='bbox 1574 2106 1650 2162; x_wconf 85' lang='lat' dir='ltr'>quae</span> 
     </span>
     <span class='ocr_line' id='line_1_6' title="bbox 365 2173 1649 2251; baseline 0.001 -19"><span class='ocrx_word' id='word_1_55' title='bbox 365 2177 493 2233; x_wconf 84' lang='lat' dir='ltr'>maxime</span> <span class='ocrx_word' id='word_1_56' title='bbox 507 2174 640 2233; x_wconf 88' lang='lat' dir='ltr'>liberalis</span> <span class='ocrx_word' id='word_1_57' title='bbox 654 2176 694 2232; x_wconf 94' lang='lat' dir='ltr'>sit</span> <span class='ocrx_word' id='word_1_58' title='bbox 708 2174 852 2248; x_wconf 91' lang='lat' dir='ltr'>doctoque</span> <span class='ocrx_word' id='word_1_59' title='bbox 866 2175 986 2233; x_wconf 89' lang='lat' dir='ltr'>homine</span> <span class='ocrx_word' id='word_1_60' title='bbox 1001 2173 1184 2251; x_wconf 82' lang='lat' dir='ltr'>dignissima,</span> <span class='ocrx_word' id='word_1_61' title='bbox 1203 2173 1320 2232; x_wconf 85' lang='lat' dir='ltr'>laudari</span> <span class='ocrx_word' id='word_1_62' title='bbox 1338 2193 1386 2233; x_wconf 89' lang='lat' dir='ltr'>me</span> <span class='ocrx_word' id='word_1_63' title='bbox 1399 2176 1492 2233; x_wconf 91' lang='lat' dir='ltr'>etiam</span> <span class='ocrx_word' id='word_1_64' title='bbox 1506 2179 1649 2251; x_wconf 84' lang='lat' dir='ltr'>oportere.</span> 
     </span>
     <span class='ocr_line' id='line_1_7' title="bbox 455 2261 1650 2341; baseline 0.002 -19"><span class='ocrx_word' id='word_1_65' title='bbox 455 2264 495 2322; x_wconf 82' lang='lat' dir='ltr'>od</span> <span class='ocrx_word' id='word_1_66' title='bbox 517 2261 648 2322; x_wconf 81' lang='lat' dir='ltr'>Atticum</span> <span class='ocrx_word' id='word_1_67' title='bbox 671 2281 715 2321; x_wconf 86' lang='lat' dir='ltr'>xn</span> <span class='ocrx_word' id='word_1_68' title='bbox 735 2265 820 2336; x_wconf 78' lang='grc'>40,2</span> <span class='ocrx_word' id='word_1_69' title='bbox 845 2281 889 2321; x_wconf 85' lang='lat' dir='ltr'>vn</span> <span class='ocrx_word' id='word_1_70' title='bbox 912 2264 960 2322; x_wconf 79' lang='lat' dir='ltr'>Iu.</span> <span class='ocrx_word' id='word_1_71' title='bbox 984 2264 1061 2322; x_wconf 78' lang='lat' dir='ltr'>Mai.</span> <span class='ocrx_word' id='word_1_72' title='bbox 1084 2261 1199 2322; x_wconf 85' lang='lat' dir='ltr'>Astura</span> <span class='ocrx_word' id='word_1_73' title='bbox 1228 2264 1373 2321; x_wconf 78' lang='lat' dir='ltr'>Asturam</span> <span class='ocrx_word' id='word_1_74' title='bbox 1400 2281 1465 2322; x_wconf 90' lang='lat' dir='ltr'>sum</span> <span class='ocrx_word' id='word_1_75' title='bbox 1489 2284 1507 2323; x_wconf 90' lang='lat' dir='ltr'>a</span> <span class='ocrx_word' id='word_1_76' title='bbox 1529 2270 1559 2322; x_wconf 92' lang='lat' dir='ltr'>te</span> <span class='ocrx_word' id='word_1_77' title='bbox 1582 2285 1650 2341; x_wconf 88' lang='lat' dir='ltr'>pro·</span> 
     </span>
     <span class='ocr_line' id='line_1_8' title="bbox 365 2350 1651 2429; baseline 0.002 -19"><span class='ocrx_word' id='word_1_78' title='bbox 365 2354 468 2411; x_wconf 78' lang='lat' dir='ltr'>fectus.</span> <span class='ocrx_word' id='word_1_79' title='bbox 515 2354 612 2429; x_wconf 86' lang='lat' dir='ltr'>legere</span> <span class='ocrx_word' id='word_1_80' title='bbox 639 2355 690 2411; x_wconf 92' lang='lat' dir='ltr'>isti</span> <span class='ocrx_word' id='word_1_81' title='bbox 718 2353 791 2410; x_wconf 86' lang='lat' dir='ltr'>laeti</span> <span class='ocrx_word' id='word_1_82' title='bbox 820 2355 871 2426; x_wconf 93' lang='lat' dir='ltr'>qui</span> <span class='ocrx_word' id='word_1_83' title='bbox 899 2372 946 2411; x_wconf 87' lang='lat' dir='ltr'>me</span> <span class='ocrx_word' id='word_1_84' title='bbox 973 2350 1195 2428; x_wconf 84' lang='lat' dir='ltr'>reprehendunt</span> <span class='ocrx_word' id='word_1_85' title='bbox 1221 2356 1284 2412; x_wconf 88' lang='lat' dir='ltr'>tam</span> <span class='ocrx_word' id='word_1_86' title='bbox 1312 2354 1407 2410; x_wconf 86' lang='lat' dir='ltr'>multo</span> <span class='ocrx_word' id='word_1_87' title='bbox 1436 2373 1495 2412; x_wconf 95' lang='lat' dir='ltr'>non</span> <span class='ocrx_word' id='word_1_88' title='bbox 1525 2358 1651 2429; x_wconf 89' lang='lat' dir='ltr'>possunt</span> 
     </span>
     <span class='ocr_line' id='line_1_9' title="bbox 366 2440 1651 2518; baseline 0.002 -18"><span class='ocrx_word' id='word_1_89' title='bbox 366 2461 457 2518; x_wconf 89' lang='lat' dir='ltr'>quam</span> <span class='ocrx_word' id='word_1_90' title='bbox 485 2459 539 2518; x_wconf 87' lang='lat' dir='ltr'>ego</span> <span class='ocrx_word' id='word_1_91' title='bbox 568 2442 672 2516; x_wconf 79' lang='lat' dir='ltr'>scripsi</span> <span class='ocrx_word' id='word_1_92' title='bbox 699 2474 736 2481; x_wconf 90' lang='lat'>-</span> <span class='ocrx_word' id='word_1_93' title='bbox 763 2461 853 2516; x_wconf 89' lang='lat' dir='ltr'>quam</span> <span class='ocrx_word' id='word_1_94' title='bbox 880 2442 954 2500; x_wconf 87' lang='lat' dir='ltr'>bene</span> <span class='ocrx_word' id='word_1_95' title='bbox 982 2441 1058 2499; x_wconf 89' lang='lat' dir='ltr'>nihil</span> <span class='ocrx_word' id='word_1_96' title='bbox 1086 2441 1123 2500; x_wconf 87' lang='lat' dir='ltr'>ad</span> <span class='ocrx_word' id='word_1_97' title='bbox 1150 2461 1226 2516; x_wconf 88' lang='lat' dir='ltr'>rem,</span> <span class='ocrx_word' id='word_1_98' title='bbox 1255 2440 1306 2499; x_wconf 89' lang='lat' dir='ltr'>sed</span> <span class='ocrx_word' id='word_1_99' title='bbox 1333 2460 1426 2518; x_wconf 85' lang='lat' dir='ltr'>genus</span> <span class='ocrx_word' id='word_1_100' title='bbox 1450 2442 1597 2501; x_wconf 88' lang='lat' dir='ltr'>scribendi</span> <span class='ocrx_word' id='word_1_101' title='bbox 1619 2443 1651 2502; x_wconf 91' lang='lat' dir='ltr'>id</span> 
     </span>
     <span class='ocr_line' id='line_1_10' title="bbox 326 2530 1651 2609; baseline 0.001 -18"><span class='ocrx_word' id='word_1_102' title='bbox 326 2554 351 2591; x_wconf 73' lang='grc' dir='ltr'>ιο</span> <span class='ocrx_word' id='word_1_103' title='bbox 365 2532 426 2589; x_wconf 87' lang='lat' dir='ltr'>fuit</span> <span class='ocrx_word' id='word_1_104' title='bbox 448 2531 529 2606; x_wconf 93' lang='lat' dir='ltr'>quod</span> <span class='ocrx_word' id='word_1_105' title='bbox 552 2548 638 2589; x_wconf 83' lang='lat' dir='ltr'>nemo</span> <span class='ocrx_word' id='word_1_106' title='bbox 663 2530 778 2589; x_wconf 88' lang='lat' dir='ltr'>abiecto</span> <span class='ocrx_word' id='word_1_107' title='bbox 802 2532 901 2589; x_wconf 86' lang='lat' dir='ltr'>animo</span> <span class='ocrx_word' id='word_1_108' title='bbox 924 2530 1021 2589; x_wconf 86' lang='lat' dir='ltr'>facere</span> <span class='ocrx_word' id='word_1_109' title='bbox 1044 2533 1152 2607; x_wconf 91' lang='lat' dir='ltr'>posset.</span> <span class='ocrx_word' id='word_1_110' title='bbox 1177 2575 1228 2588; x_wconf 90' lang='lat'>...</span> <span class='ocrx_word' id='word_1_111' title='bbox 1259 2549 1337 2588; x_wconf 93' lang='lat' dir='ltr'>nunc</span> <span class='ocrx_word' id='word_1_112' title='bbox 1354 2533 1452 2606; x_wconf 91' lang='lat' dir='ltr'>ipsum</span> <span class='ocrx_word' id='word_1_113' title='bbox 1471 2548 1507 2590; x_wconf 87' lang='lat' dir='ltr'>ea</span> <span class='ocrx_word' id='word_1_114' title='bbox 1525 2533 1592 2609; x_wconf 82' lang='lat' dir='ltr'>lego</span> <span class='ocrx_word' id='word_1_115' title='bbox 1616 2551 1651 2592; x_wconf 84' lang='lat' dir='ltr'>ea</span> 
     </span>
     <span class='ocr_line' id='line_1_11' title="bbox 367 2619 1650 2697; baseline 0 -18"><span class='ocrx_word' id='word_1_116' title='bbox 367 2621 471 2695; x_wconf 85' lang='lat' dir='ltr'>scribo,</span> <span class='ocrx_word' id='word_1_117' title='bbox 495 2622 531 2678; x_wconf 91' lang='lat' dir='ltr'>ut</span> <span class='ocrx_word' id='word_1_118' title='bbox 552 2621 576 2678; x_wconf 90' lang='lat' dir='ltr'>ii</span> <span class='ocrx_word' id='word_1_119' title='bbox 600 2621 651 2694; x_wconf 91' lang='lat' dir='ltr'>qui</span> <span class='ocrx_word' id='word_1_120' title='bbox 674 2638 789 2678; x_wconf 89' lang='lat' dir='ltr'>mecum</span> <span class='ocrx_word' id='word_1_121' title='bbox 813 2623 883 2679; x_wconf 93' lang='lat' dir='ltr'>sunt</span> <span class='ocrx_word' id='word_1_122' title='bbox 905 2619 1058 2678; x_wconf 88' lang='lat' dir='ltr'>difficilius</span> <span class='ocrx_word' id='word_1_123' title='bbox 1081 2622 1177 2678; x_wconf 87' lang='lat' dir='ltr'>otium</span> <span class='ocrx_word' id='word_1_124' title='bbox 1199 2621 1299 2679; x_wconf 83' lang='lat' dir='ltr'>ferant</span> <span class='ocrx_word' id='word_1_125' title='bbox 1321 2638 1413 2696; x_wconf 87' lang='lat' dir='ltr'>quam</span> <span class='ocrx_word' id='word_1_126' title='bbox 1436 2639 1491 2697; x_wconf 82' lang='lat' dir='ltr'>ego</span> <span class='ocrx_word' id='word_1_127' title='bbox 1510 2621 1650 2681; x_wconf 86' lang='lat' dir='ltr'>laborem.</span> 
     </span>
     <span class='ocr_line' id='line_1_12' title="bbox 455 2707 1651 2785; baseline 0.002 -18"><span class='ocrx_word' id='word_1_128' title='bbox 455 2709 495 2767; x_wconf 82' lang='lat' dir='ltr'>od</span> <span class='ocrx_word' id='word_1_129' title='bbox 518 2708 556 2767; x_wconf 86' lang='lat' dir='ltr'>L.</span> <span class='ocrx_word' id='word_1_130' title='bbox 577 2708 736 2768; x_wconf 77' lang='lat' dir='ltr'>Lucceium</span> <span class='ocrx_word' id='word_1_131' title='bbox 759 2710 871 2782; x_wconf 77' lang='lat' dir='ltr'>v15,4</span> <span class='ocrx_word' id='word_1_132' title='bbox 896 2710 978 2767; x_wconf 79' lang='lat' dir='ltr'>breui</span> <span class='ocrx_word' id='word_1_133' title='bbox 1005 2713 1072 2767; x_wconf 83' lang='lat' dir='ltr'>autc</span> <span class='ocrx_word' id='word_1_134' title='bbox 1093 2709 1142 2766; x_wconf 79' lang='lat' dir='ltr'>Id.</span> <span class='ocrx_word' id='word_1_135' title='bbox 1165 2710 1242 2768; x_wconf 73' lang='lat' dir='ltr'>Mar.</span> <span class='ocrx_word' id='word_1_136' title='bbox 1265 2707 1380 2767; x_wconf 84' lang='lat' dir='ltr'>Astura</span> <span class='ocrx_word' id='word_1_137' title='bbox 1406 2712 1508 2785; x_wconf 90' lang='lat' dir='ltr'>itaque</span> <span class='ocrx_word' id='word_1_138' title='bbox 1536 2711 1579 2768; x_wconf 90' lang='lat' dir='ltr'>sic</span> <span class='ocrx_word' id='word_1_139' title='bbox 1602 2712 1651 2769; x_wconf 90' lang='lat' dir='ltr'>lit-</span> 
     </span>
     <span class='ocr_line' id='line_1_13' title="bbox 366 2797 1651 2873; baseline 0.002 -17"><span class='ocrx_word' id='word_1_140' title='bbox 366 2800 437 2858; x_wconf 83' lang='lat' dir='ltr'>teris</span> <span class='ocrx_word' id='word_1_141' title='bbox 461 2801 542 2871; x_wconf 86' lang='lat' dir='ltr'>utor,</span> <span class='ocrx_word' id='word_1_142' title='bbox 571 2798 602 2855; x_wconf 90' lang='lat' dir='ltr'>in</span> <span class='ocrx_word' id='word_1_143' title='bbox 631 2798 739 2872; x_wconf 89' lang='lat' dir='ltr'>quibus</span> <span class='ocrx_word' id='word_1_144' title='bbox 768 2815 907 2856; x_wconf 80' lang='lat' dir='ltr'>consumo</span> <span class='ocrx_word' id='word_1_145' title='bbox 936 2816 1022 2857; x_wconf 92' lang='lat' dir='ltr'>omne</span> <span class='ocrx_word' id='word_1_146' title='bbox 1049 2800 1181 2873; x_wconf 87' lang='lat' dir='ltr'>tempus,</span> <span class='ocrx_word' id='word_1_147' title='bbox 1208 2817 1268 2856; x_wconf 93' lang='lat' dir='ltr'>non</span> <span class='ocrx_word' id='word_1_148' title='bbox 1295 2802 1329 2856; x_wconf 89' lang='lat' dir='ltr'>ut</span> <span class='ocrx_word' id='word_1_149' title='bbox 1353 2797 1390 2856; x_wconf 91' lang='lat' dir='ltr'>ab</span> <span class='ocrx_word' id='word_1_150' title='bbox 1412 2801 1450 2857; x_wconf 93' lang='lat' dir='ltr'>iis</span> <span class='ocrx_word' id='word_1_151' title='bbox 1474 2799 1651 2859; x_wconf 77' lang='lat' dir='ltr'>medicinam</span> 
     </span>
     <span class='ocr_line' id='line_1_14' title="bbox 365 2885 1304 2963; baseline -0.002 -17"><span class='ocrx_word' id='word_1_152' title='bbox 365 2890 540 2963; x_wconf 83' lang='lat' dir='ltr'>perpetuam</span> <span class='ocrx_word' id='word_1_153' title='bbox 564 2885 616 2945; x_wconf 88' lang='lat' dir='ltr'>sed</span> <span class='ocrx_word' id='word_1_154' title='bbox 639 2890 674 2944; x_wconf 90' lang='lat' dir='ltr'>ut</span> <span class='ocrx_word' id='word_1_155' title='bbox 697 2889 835 2963; x_wconf 85' lang='lat' dir='ltr'>exiguam</span> <span class='ocrx_word' id='word_1_156' title='bbox 859 2887 1040 2946; x_wconf 87' lang='lat' dir='ltr'>obliuionem</span> <span class='ocrx_word' id='word_1_157' title='bbox 1063 2886 1174 2944; x_wconf 89' lang='lat' dir='ltr'>doloris</span> <span class='ocrx_word' id='word_1_158' title='bbox 1196 2890 1304 2962; x_wconf 86' lang='lat' dir='ltr'>petam.</span> 
     </span>
     <span class='ocr_line' id='line_1_15' title="bbox 329 2968 1651 3057; baseline 0 -20"><span class='ocrx_word' id='word_1_159' title='bbox 329 2997 350 3037; x_wconf 80' lang='lat' dir='ltr'>rs</span> <span class='ocrx_word' id='word_1_160' title='bbox 455 2977 495 3034; x_wconf 84' lang='lat' dir='ltr'>ud</span> <span class='ocrx_word' id='word_1_161' title='bbox 517 2974 648 3034; x_wconf 81' lang='lat' dir='ltr'>Atticum</span> <span class='ocrx_word' id='word_1_162' title='bbox 671 2977 803 3049; x_wconf 76' lang='lat' dir='ltr'><strong>x1145‚1</strong></span> <span class='ocrx_word' id='word_1_163' title='bbox 826 2968 930 3057; x_wconf 61' lang='lat' dir='ltr'>(cal)</span> <span class='ocrx_word' id='word_1_164' title='bbox 954 2994 989 3033; x_wconf 89' lang='lat'>111</span> <span class='ocrx_word' id='word_1_165' title='bbox 1005 2975 1053 3032; x_wconf 82' lang='lat' dir='ltr'>Ic.</span> <span class='ocrx_word' id='word_1_166' title='bbox 1077 2977 1155 3034; x_wconf 84' lang='lat' dir='ltr'>Mai.</span> <span class='ocrx_word' id='word_1_167' title='bbox 1173 2975 1288 3034; x_wconf 78' lang='lat' dir='ltr'>Astura</span> <span class='ocrx_word' id='word_1_168' title='bbox 1311 2995 1365 3053; x_wconf 82' lang='lat' dir='ltr'>ego</span> <span class='ocrx_word' id='word_1_169' title='bbox 1389 2976 1437 3034; x_wconf 92' lang='lat' dir='ltr'>hic</span> <span class='ocrx_word' id='word_1_170' title='bbox 1459 2977 1518 3036; x_wconf 93' lang='lat' dir='ltr'>duo</span> <span class='ocrx_word' id='word_1_171' title='bbox 1541 2997 1651 3055; x_wconf 82' lang='lat' dir='ltr'>magna</span> 
     </span>
     <span class='ocr_line' id='line_1_16' title="bbox 366 3063 1650 3143; baseline 0.002 -21"><span class='ocrx_word' id='word_1_172' title='bbox 366 3063 553 3143; x_wconf 75' lang='grc' dir='ltr'><strong><em>συντάγματα</em></strong></span> <span class='ocrx_word' id='word_1_173' title='bbox 572 3064 701 3139; x_wconf 81' lang='lat' dir='ltr'>absolui3</span> <span class='ocrx_word' id='word_1_174' title='bbox 721 3065 804 3124; x_wconf 90' lang='lat' dir='ltr'>nullo</span> <span class='ocrx_word' id='word_1_175' title='bbox 823 3067 903 3127; x_wconf 89' lang='lat' dir='ltr'>enim</span> <span class='ocrx_word' id='word_1_176' title='bbox 922 3064 982 3124; x_wconf 89' lang='lat' dir='ltr'>alio</span> <span class='ocrx_word' id='word_1_177' title='bbox 1000 3063 1088 3123; x_wconf 90' lang='lat' dir='ltr'>modo</span> <span class='ocrx_word' id='word_1_178' title='bbox 1103 3084 1122 3123; x_wconf 88' lang='lat' dir='ltr'>a</span> <span class='ocrx_word' id='word_1_179' title='bbox 1135 3066 1257 3124; x_wconf 83' lang='lat' dir='ltr'>miseria</span> <span class='ocrx_word' id='word_1_180' title='bbox 1271 3067 1357 3139; x_wconf 90' lang='lat' dir='ltr'>quasi</span> <span class='ocrx_word' id='word_1_181' title='bbox 1371 3065 1507 3125; x_wconf 83' lang='lat' dir='ltr'>aberrare</span> <span class='ocrx_word' id='word_1_182' title='bbox 1521 3085 1650 3142; x_wconf 89' lang='lat' dir='ltr'>possum.</span> 
     </span>
     <span class='ocr_line' id='line_1_17' title="bbox 455 3151 1651 3228; baseline 0.003 -16"><span class='ocrx_word' id='word_1_183' title='bbox 455 3154 496 3212; x_wconf 82' lang='lat' dir='ltr'>cd</span> <span class='ocrx_word' id='word_1_184' title='bbox 518 3152 648 3212; x_wconf 83' lang='lat' dir='ltr'>Atticum</span> <span class='ocrx_word' id='word_1_185' title='bbox 670 3172 726 3212; x_wconf 83' lang='lat' dir='ltr'>xur</span> <span class='ocrx_word' id='word_1_186' title='bbox 750 3155 822 3228; x_wconf 61' lang='grc'>263</span> <span class='ocrx_word' id='word_1_187' title='bbox 842 3154 922 3227; x_wconf 80' lang='lat' dir='ltr'>prid.</span> <span class='ocrx_word' id='word_1_188' title='bbox 947 3154 995 3211; x_wconf 74' lang='lat' dir='ltr'>Iu.</span> <span class='ocrx_word' id='word_1_189' title='bbox 1018 3154 1095 3211; x_wconf 82' lang='lat' dir='ltr'>Mai.</span> <span class='ocrx_word' id='word_1_190' title='bbox 1121 3151 1234 3212; x_wconf 87' lang='lat' dir='ltr'>Astura</span> <span class='ocrx_word' id='word_1_191' title='bbox 1262 3154 1398 3228; x_wconf 86' lang='lat' dir='ltr'>equidem</span> <span class='ocrx_word' id='word_1_192' title='bbox 1427 3154 1567 3214; x_wconf 86' lang='lat' dir='ltr'>credibile</span> <span class='ocrx_word' id='word_1_193' title='bbox 1591 3176 1651 3216; x_wconf 91' lang='lat' dir='ltr'>non</span> 
     </span>
     <span class='ocr_line' id='line_1_18' title="bbox 366 3243 1447 3320; baseline -0.002 -17"><span class='ocrx_word' id='word_1_194' title='bbox 366 3248 412 3303; x_wconf 85' lang='lat' dir='ltr'>est</span> <span class='ocrx_word' id='word_1_195' title='bbox 434 3247 582 3319; x_wconf 87' lang='lat' dir='ltr'>quantum</span> <span class='ocrx_word' id='word_1_196' title='bbox 605 3244 741 3318; x_wconf 86' lang='lat' dir='ltr'>scribam,</span> <span class='ocrx_word' id='word_1_197' title='bbox 765 3246 837 3320; x_wconf 91' lang='lat' dir='ltr'>quin</span> <span class='ocrx_word' id='word_1_198' title='bbox 861 3246 952 3302; x_wconf 90' lang='lat' dir='ltr'>etiam</span> <span class='ocrx_word' id='word_1_199' title='bbox 976 3243 1121 3317; x_wconf 88' lang='lat' dir='ltr'>noctibus,</span> <span class='ocrx_word' id='word_1_200' title='bbox 1143 3243 1219 3301; x_wconf 91' lang='lat' dir='ltr'>nihil</span> <span class='ocrx_word' id='word_1_201' title='bbox 1242 3246 1321 3302; x_wconf 90' lang='lat' dir='ltr'>enim</span> <span class='ocrx_word' id='word_1_202' title='bbox 1344 3247 1447 3303; x_wconf 90' lang='lat' dir='ltr'>somni.</span> 
     </span>
     <span class='ocr_line' id='line_1_19' title="bbox 456 3332 1649 3411; baseline 0.001 -19"><span class='ocrx_word' id='word_1_203' title='bbox 456 3332 495 3392; x_wconf 82' lang='lat' dir='ltr'>cd</span> <span class='ocrx_word' id='word_1_204' title='bbox 518 3332 647 3392; x_wconf 81' lang='lat' dir='ltr'>Atticum</span> <span class='ocrx_word' id='word_1_205' title='bbox 667 3352 709 3391; x_wconf 87' lang='lat' dir='ltr'>xn</span> <span class='ocrx_word' id='word_1_206' title='bbox 729 3335 801 3407; x_wconf 55' lang='lat'>523</span> <span class='ocrx_word' id='word_1_207' title='bbox 827 3352 870 3390; x_wconf 87' lang='lat' dir='ltr'>x11</span> <span class='ocrx_word' id='word_1_208' title='bbox 892 3334 930 3391; x_wconf 89' lang='lat' dir='ltr'>K.</span> <span class='ocrx_word' id='word_1_209' title='bbox 950 3333 1020 3390; x_wconf 84' lang='lat' dir='ltr'>qu.</span> <span class='ocrx_word' id='word_1_210' title='bbox 1044 3350 1059 3391; x_wconf 88' lang='lat' dir='ltr'><strong><em>e</em></strong></span> <span class='ocrx_word' id='word_1_211' title='bbox 1084 3333 1250 3391; x_wconf 77' lang='lat' dir='ltr'>Tusculum</span> <span class='ocrx_word' id='word_1_212' title='bbox 1273 3333 1309 3392; x_wconf 90' lang='lat' dir='ltr'>de</span> <span class='ocrx_word' id='word_1_213' title='bbox 1337 3334 1441 3411; x_wconf 83' lang='lat' dir='ltr'>lingua</span> <span class='ocrx_word' id='word_1_214' title='bbox 1468 3334 1579 3392; x_wconf 84' lang='lat' dir='ltr'>Latina</span> <span class='ocrx_word' id='word_1_215' title='bbox 1606 3353 1649 3393; x_wconf 92' lang='lat' dir='ltr'>se-</span> 
     </span>
     <span class='ocr_line' id='line_1_20' title="bbox 328 3416 1652 3501; baseline 0.002 -20"><span class='ocrx_word' id='word_1_216' title='bbox 328 3424 430 3483; x_wconf 79' lang='lat' dir='ltr'>securi</span> <span class='ocrx_word' id='word_1_217' title='bbox 454 3441 484 3481; x_wconf 90' lang='lat' dir='ltr'>es</span> <span class='ocrx_word' id='word_1_218' title='bbox 508 3424 608 3481; x_wconf 86' lang='lat' dir='ltr'>animi.</span> <span class='ocrx_word' id='word_1_219' title='bbox 650 3422 729 3481; x_wconf 88' lang='lat' dir='ltr'>dices</span> <span class='ocrx_word' id='word_1_220' title='bbox 749 3417 814 3498; x_wconf 76' lang='lat' dir='ltr'>‘qui</span> <span class='ocrx_word' id='word_1_221' title='bbox 831 3422 907 3480; x_wconf 85' lang='lat' dir='ltr'>talia</span> <span class='ocrx_word' id='word_1_222' title='bbox 926 3416 1111 3480; x_wconf 90' lang='lat' dir='ltr'>conscribis&#39;:</span> <span class='ocrx_word' id='word_1_223' title='bbox 1134 3418 1296 3501; x_wconf 81' lang='grc' dir='ltr'><em>ἀπόγραφα</em></span> <span class='ocrx_word' id='word_1_224' title='bbox 1315 3425 1393 3496; x_wconf 89' lang='lat' dir='ltr'>sunt,</span> <span class='ocrx_word' id='word_1_225' title='bbox 1416 3423 1529 3481; x_wconf 81' lang='lat' dir='ltr'>minore</span> <span class='ocrx_word' id='word_1_226' title='bbox 1550 3423 1652 3483; x_wconf 88' lang='lat' dir='ltr'>labore</span> 
     </span>
     <span class='ocr_line' id='line_1_21' title="bbox 366 3510 1127 3585; baseline -0.001 -17"><span class='ocrx_word' id='word_1_227' title='bbox 366 3511 454 3585; x_wconf 82' lang='lat' dir='ltr'>fiunt3</span> <span class='ocrx_word' id='word_1_228' title='bbox 478 3511 570 3569; x_wconf 88' lang='lat' dir='ltr'>uerba</span> <span class='ocrx_word' id='word_1_229' title='bbox 592 3515 710 3570; x_wconf 91' lang='lat' dir='ltr'>tantum</span> <span class='ocrx_word' id='word_1_230' title='bbox 735 3512 846 3584; x_wconf 81' lang='lat' dir='ltr'>adfero,</span> <span class='ocrx_word' id='word_1_231' title='bbox 870 3511 977 3585; x_wconf 89' lang='lat' dir='ltr'>quibus</span> <span class='ocrx_word' id='word_1_232' title='bbox 1001 3510 1127 3570; x_wconf 86' lang='lat' dir='ltr'>abunde.</span> 
     </span>
     <span class='ocr_line' id='line_1_22' title="bbox 455 3600 1651 3676; baseline 0.001 -17"><span class='ocrx_word' id='word_1_233' title='bbox 455 3601 495 3659; x_wconf 83' lang='lat' dir='ltr'>ud</span> <span class='ocrx_word' id='word_1_234' title='bbox 517 3600 648 3659; x_wconf 80' lang='lat' dir='ltr'>Atticum</span> <span class='ocrx_word' id='word_1_235' title='bbox 670 3619 727 3658; x_wconf 85' lang='lat' dir='ltr'>xui</span> <span class='ocrx_word' id='word_1_236' title='bbox 751 3602 823 3675; x_wconf 81' lang='lat'><strong>32‚3</strong></span> <span class='ocrx_word' id='word_1_237' title='bbox 848 3619 878 3659; x_wconf 89' lang='lat' dir='ltr'>1v</span> <span class='ocrx_word' id='word_1_238' title='bbox 898 3601 935 3658; x_wconf 85' lang='lat' dir='ltr'>K.</span> <span class='ocrx_word' id='word_1_239' title='bbox 961 3601 1032 3658; x_wconf 82' lang='lat' dir='ltr'>qu.</span> <span class='ocrx_word' id='word_1_240' title='bbox 1060 3618 1074 3658; x_wconf 88' lang='lat' dir='ltr'>c</span> <span class='ocrx_word' id='word_1_241' title='bbox 1103 3600 1270 3658; x_wconf 76' lang='lat' dir='ltr'>Tusculuuo</span> <span class='ocrx_word' id='word_1_242' title='bbox 1299 3601 1469 3675; x_wconf 88' lang='lat' dir='ltr'>Torquatus</span> <span class='ocrx_word' id='word_1_243' title='bbox 1497 3601 1651 3676; x_wconf 79' lang='lat' dir='ltr'>Romaest3</span> 
     </span>
     <span class='ocr_line' id='line_1_23' title="bbox 365 3688 1650 3765; baseline 0.002 -18"><span class='ocrx_word' id='word_1_244' title='bbox 365 3691 435 3747; x_wconf 89' lang='lat' dir='ltr'>misi</span> <span class='ocrx_word' id='word_1_245' title='bbox 457 3692 492 3748; x_wconf 91' lang='lat' dir='ltr'>ut</span> <span class='ocrx_word' id='word_1_246' title='bbox 513 3690 570 3748; x_wconf 87' lang='lat' dir='ltr'>tibi</span> <span class='ocrx_word' id='word_1_247' title='bbox 593 3690 721 3748; x_wconf 90' lang='lat' dir='ltr'>daretur.</span> <span class='ocrx_word' id='word_1_248' title='bbox 769 3688 912 3748; x_wconf 76' lang='lat' dir='ltr'>Catulum</span> <span class='ocrx_word' id='word_1_249' title='bbox 934 3693 966 3746; x_wconf 91' lang='lat' dir='ltr'>et</span> <span class='ocrx_word' id='word_1_250' title='bbox 988 3688 1145 3747; x_wconf 87' lang='lat' dir='ltr'>Lucullum</span> <span class='ocrx_word' id='word_1_251' title='bbox 1168 3693 1204 3747; x_wconf 93' lang='lat' dir='ltr'>ut</span> <span class='ocrx_word' id='word_1_252' title='bbox 1227 3692 1334 3765; x_wconf 90' lang='lat' dir='ltr'>opinor</span> <span class='ocrx_word' id='word_1_253' title='bbox 1356 3693 1452 3749; x_wconf 89' lang='lat' dir='ltr'>antea.</span> <span class='ocrx_word' id='word_1_254' title='bbox 1496 3690 1543 3748; x_wconf 92' lang='lat' dir='ltr'>his</span> <span class='ocrx_word' id='word_1_255' title='bbox 1566 3690 1650 3749; x_wconf 88' lang='lat' dir='ltr'>libris</span> 
     </span>
     <span class='ocr_line' id='line_1_24' title="bbox 366 3771 1651 3855; baseline 0.002 -19"><span class='ocrx_word' id='word_1_256' title='bbox 366 3798 446 3837; x_wconf 86' lang='lat' dir='ltr'>noua</span> <span class='ocrx_word' id='word_1_257' title='bbox 463 3778 638 3855; x_wconf 86' lang='lat' dir='ltr'>prohoemia</span> <span class='ocrx_word' id='word_1_258' title='bbox 656 3782 728 3837; x_wconf 89' lang='lat' dir='ltr'>sunt</span> <span class='ocrx_word' id='word_1_259' title='bbox 746 3778 857 3853; x_wconf 87' lang='lat' dir='ltr'>addita,</span> <span class='ocrx_word' id='word_1_260' title='bbox 882 3777 990 3853; x_wconf 90' lang='lat' dir='ltr'>quibus</span> <span class='ocrx_word' id='word_1_261' title='bbox 1009 3797 1111 3836; x_wconf 91' lang='lat' dir='ltr'>eorum</span> <span class='ocrx_word' id='word_1_262' title='bbox 1130 3781 1254 3853; x_wconf 86' lang='lat' dir='ltr'>uterque</span> <span class='ocrx_word' id='word_1_263' title='bbox 1273 3771 1423 3838; x_wconf 77' lang='lat' dir='ltr'>laudatur.</span> <span class='ocrx_word' id='word_1_264' title='bbox 1466 3797 1515 3837; x_wconf 88' lang='lat' dir='ltr'>eas</span> <span class='ocrx_word' id='word_1_265' title='bbox 1534 3780 1651 3838; x_wconf 75' lang='lat' dir='ltr'>litteras</span> 
     </span>
     <span class='ocr_line' id='line_1_25' title="bbox 328 3866 989 3943; baseline -0.006 -16"><span class='ocrx_word' id='word_1_266' title='bbox 328 3868 436 3927; x_wconf 73' lang='lat' dir='ltr'>asuelo</span> <span class='ocrx_word' id='word_1_267' title='bbox 459 3868 579 3942; x_wconf 84' lang='lat' dir='ltr'>habeas,</span> <span class='ocrx_word' id='word_1_268' title='bbox 602 3872 632 3926; x_wconf 86' lang='lat' dir='ltr'>ct</span> <span class='ocrx_word' id='word_1_269' title='bbox 654 3871 726 3926; x_wconf 92' lang='lat' dir='ltr'>sunt</span> <span class='ocrx_word' id='word_1_270' title='bbox 749 3868 898 3943; x_wconf 86' lang='lat' dir='ltr'>quaedam</span> <span class='ocrx_word' id='word_1_271' title='bbox 921 3866 989 3926; x_wconf 89' lang='lat' dir='ltr'>alia.</span> 
     </span>
     <span class='ocr_line' id='line_1_26' title="bbox 456 3954 1651 4031; baseline 0 -15"><span class='ocrx_word' id='word_1_272' title='bbox 456 3958 497 4016; x_wconf 85' lang='lat' dir='ltr'>ud</span> <span class='ocrx_word' id='word_1_273' title='bbox 519 3956 648 4015; x_wconf 76' lang='lat' dir='ltr'>Atticum</span> <span class='ocrx_word' id='word_1_274' title='bbox 671 3976 726 4015; x_wconf 84' lang='lat' dir='ltr'>xm</span> <span class='ocrx_word' id='word_1_275' title='bbox 746 3958 817 4031; x_wconf 83' lang='lat'>12,3</span> <span class='ocrx_word' id='word_1_276' title='bbox 840 3974 872 4013; x_wconf 87' lang='lat' dir='ltr'>1x</span> <span class='ocrx_word' id='word_1_277' title='bbox 894 3958 942 4015; x_wconf 87' lang='lat' dir='ltr'>ucl</span> <span class='ocrx_word' id='word_1_278' title='bbox 964 3974 1019 4015; x_wconf 83' lang='lat' dir='ltr'>vm</span> <span class='ocrx_word' id='word_1_279' title='bbox 1037 3956 1076 4015; x_wconf 80' lang='lat' dir='ltr'>K.</span> <span class='ocrx_word' id='word_1_280' title='bbox 1097 3956 1194 4030; x_wconf 77' lang='lat' dir='ltr'>Quint.</span> <span class='ocrx_word' id='word_1_281' title='bbox 1219 3974 1253 4015; x_wconf 76' lang='lat' dir='ltr'>cc</span> <span class='ocrx_word' id='word_1_282' title='bbox 1275 3954 1417 4030; x_wconf 78' lang='lat' dir='ltr'>Arpluctc&#39;</span> <span class='ocrx_word' id='word_1_283' title='bbox 1441 3955 1520 4031; x_wconf 91' lang='lat' dir='ltr'>quod</span> <span class='ocrx_word' id='word_1_284' title='bbox 1544 3958 1582 4014; x_wconf 89' lang='lat' dir='ltr'>ad</span> <span class='ocrx_word' id='word_1_285' title='bbox 1605 3978 1651 4016; x_wconf 88' lang='lat' dir='ltr'>me</span> 
     </span>
     <span class='ocr_line' id='line_1_27' title="bbox 366 4044 1651 4122; baseline 0.002 -19"><span class='ocrx_word' id='word_1_286' title='bbox 366 4046 402 4104; x_wconf 90' lang='lat' dir='ltr'>de</span> <span class='ocrx_word' id='word_1_287' title='bbox 421 4046 555 4105; x_wconf 86' lang='lat' dir='ltr'>Varrone</span> <span class='ocrx_word' id='word_1_288' title='bbox 573 4045 686 4119; x_wconf 67' lang='lat' dir='ltr'>scribis</span> <span class='ocrx_word' id='word_1_289' title='bbox 709 4049 765 4105; x_wconf 91' lang='lat' dir='ltr'>scis</span> <span class='ocrx_word' id='word_1_290' title='bbox 788 4065 835 4104; x_wconf 92' lang='lat' dir='ltr'>me</span> <span class='ocrx_word' id='word_1_291' title='bbox 859 4048 948 4103; x_wconf 83' lang='lat' dir='ltr'>antea</span> <span class='ocrx_word' id='word_1_292' title='bbox 971 4045 1120 4104; x_wconf 87' lang='lat' dir='ltr'>orationes</span> <span class='ocrx_word' id='word_1_293' title='bbox 1144 4048 1199 4104; x_wconf 88' lang='lat' dir='ltr'>aut</span> <span class='ocrx_word' id='word_1_294' title='bbox 1221 4046 1335 4121; x_wconf 88' lang='lat' dir='ltr'>aliquid</span> <span class='ocrx_word' id='word_1_295' title='bbox 1358 4044 1389 4103; x_wconf 90' lang='lat' dir='ltr'>id</span> <span class='ocrx_word' id='word_1_296' title='bbox 1412 4065 1505 4122; x_wconf 81' lang='lat' dir='ltr'>genus</span> <span class='ocrx_word' id='word_1_297' title='bbox 1529 4047 1651 4105; x_wconf 92' lang='lat' dir='ltr'>solitum</span> 
     </span>
     <span class='ocr_line' id='line_1_28' title="bbox 367 4135 1651 4211; baseline 0.001 -18"><span class='ocrx_word' id='word_1_298' title='bbox 367 4136 506 4209; x_wconf 82' lang='lat' dir='ltr'>scribere,</span> <span class='ocrx_word' id='word_1_299' title='bbox 539 4137 574 4193; x_wconf 93' lang='lat' dir='ltr'>ut</span> <span class='ocrx_word' id='word_1_300' title='bbox 597 4136 761 4194; x_wconf 86' lang='lat' dir='ltr'>Varronem</span> <span class='ocrx_word' id='word_1_301' title='bbox 788 4153 937 4209; x_wconf 85' lang='lat' dir='ltr'>nusquam</span> <span class='ocrx_word' id='word_1_302' title='bbox 964 4152 1081 4210; x_wconf 89' lang='lat' dir='ltr'>possem</span> <span class='ocrx_word' id='word_1_303' title='bbox 1110 4135 1248 4193; x_wconf 84' lang='lat' dir='ltr'>intexere.</span> <span class='ocrx_word' id='word_1_304' title='bbox 1294 4138 1399 4211; x_wconf 90' lang='lat' dir='ltr'>postea</span> <span class='ocrx_word' id='word_1_305' title='bbox 1430 4139 1530 4193; x_wconf 91' lang='lat' dir='ltr'>autem</span> <span class='ocrx_word' id='word_1_306' title='bbox 1561 4155 1651 4210; x_wconf 89' lang='lat' dir='ltr'>quam</span> 
     </span>
     <span class='ocr_line' id='line_1_29' title="bbox 366 4222 1651 4303; baseline 0.002 -22"><span class='ocrx_word' id='word_1_307' title='bbox 366 4225 439 4283; x_wconf 89' lang='lat' dir='ltr'>haec</span> <span class='ocrx_word' id='word_1_308' title='bbox 467 4226 551 4300; x_wconf 86' lang='lat' dir='ltr'>coepi</span> <span class='ocrx_word' id='word_1_309' title='bbox 578 4222 808 4303; x_wconf 77' lang='grc' dir='ltr'><strong><em>φιλολογώτερα,</em></strong></span> <span class='ocrx_word' id='word_1_310' title='bbox 837 4224 898 4281; x_wconf 86' lang='lat' dir='ltr'>iam</span> <span class='ocrx_word' id='word_1_311' title='bbox 926 4222 1023 4281; x_wconf 87' lang='lat' dir='ltr'>Varro</span> <span class='ocrx_word' id='word_1_312' title='bbox 1050 4223 1125 4282; x_wconf 92' lang='lat' dir='ltr'>mihi</span> <span class='ocrx_word' id='word_1_313' title='bbox 1152 4223 1386 4283; x_wconf 89' lang='lat' dir='ltr'>denuntiauerat</span> <span class='ocrx_word' id='word_1_314' title='bbox 1412 4244 1551 4302; x_wconf 82' lang='lat' dir='ltr'>magnam</span> <span class='ocrx_word' id='word_1_315' title='bbox 1580 4243 1651 4283; x_wconf 84' lang='lat' dir='ltr'>sanc</span> 
     </span>
     <span class='ocr_line' id='line_1_30' title="bbox 327 4312 1651 4391; baseline -0.002 -16"><span class='ocrx_word' id='word_1_316' title='bbox 327 4337 353 4375; x_wconf 79' lang='lat' dir='ltr'>oo</span> <span class='ocrx_word' id='word_1_317' title='bbox 367 4318 398 4373; x_wconf 85' lang='lat' dir='ltr'>ct</span> <span class='ocrx_word' id='word_1_318' title='bbox 420 4333 543 4391; x_wconf 86' lang='lat' dir='ltr'>grauem</span> <span class='ocrx_word' id='word_1_319' title='bbox 566 4312 789 4390; x_wconf 79' lang='grc' dir='ltr'><em>προσφώνησιν.</em></span> <span class='ocrx_word' id='word_1_320' title='bbox 834 4313 987 4371; x_wconf 89' lang='lat' dir='ltr'>biennium</span> <span class='ocrx_word' id='word_1_321' title='bbox 1010 4314 1179 4388; x_wconf 84' lang='lat' dir='ltr'>praeteriit,</span> <span class='ocrx_word' id='word_1_322' title='bbox 1207 4331 1273 4371; x_wconf 92' lang='lat' dir='ltr'>cum</span> <span class='ocrx_word' id='word_1_323' title='bbox 1296 4314 1347 4372; x_wconf 90' lang='lat' dir='ltr'>ille</span> <span class='ocrx_word' id='word_1_324' title='bbox 1372 4313 1578 4390; x_wconf 77' lang='grc' dir='ltr'><em>Καλλιππίδης</em></span> <span class='ocrx_word' id='word_1_325' title='bbox 1601 4314 1651 4372; x_wconf 90' lang='lat' dir='ltr'>ad·</span> 
     </span>
     <span class='ocr_line' id='line_1_31' title="bbox 367 4401 1652 4479; baseline 0.001 -18"><span class='ocrx_word' id='word_1_326' title='bbox 367 4402 452 4461; x_wconf 88' lang='lat' dir='ltr'>siduo</span> <span class='ocrx_word' id='word_1_327' title='bbox 481 4420 569 4461; x_wconf 88' lang='lat' dir='ltr'>cursu</span> <span class='ocrx_word' id='word_1_328' title='bbox 596 4401 729 4460; x_wconf 90' lang='lat' dir='ltr'>cubitum</span> <span class='ocrx_word' id='word_1_329' title='bbox 756 4402 873 4460; x_wconf 92' lang='lat' dir='ltr'>nullum</span> <span class='ocrx_word' id='word_1_330' title='bbox 900 4402 1090 4477; x_wconf 85' lang='lat' dir='ltr'>processerit3</span> <span class='ocrx_word' id='word_1_331' title='bbox 1118 4421 1173 4479; x_wconf 84' lang='lat' dir='ltr'>ego</span> <span class='ocrx_word' id='word_1_332' title='bbox 1201 4406 1301 4460; x_wconf 89' lang='lat' dir='ltr'>autem</span> <span class='ocrx_word' id='word_1_333' title='bbox 1324 4421 1371 4461; x_wconf 88' lang='lat' dir='ltr'>me</span> <span class='ocrx_word' id='word_1_334' title='bbox 1393 4403 1537 4478; x_wconf 84' lang='lat' dir='ltr'>parabam</span> <span class='ocrx_word' id='word_1_335' title='bbox 1560 4403 1598 4461; x_wconf 91' lang='lat' dir='ltr'>ad</span> <span class='ocrx_word' id='word_1_336' title='bbox 1621 4404 1652 4462; x_wconf 96' lang='lat' dir='ltr'>id</span> 
     </span>
     <span class='ocr_line' id='line_1_32' title="bbox 367 4487 1651 4574; baseline 0.002 -25"><span class='ocrx_word' id='word_1_337' title='bbox 367 4492 446 4567; x_wconf 89' lang='lat' dir='ltr'>quod</span> <span class='ocrx_word' id='word_1_338' title='bbox 469 4491 522 4549; x_wconf 87' lang='lat' dir='ltr'>ille</span> <span class='ocrx_word' id='word_1_339' title='bbox 545 4491 620 4549; x_wconf 89' lang='lat' dir='ltr'>mihi</span> <span class='ocrx_word' id='word_1_340' title='bbox 641 4493 772 4550; x_wconf 78' lang='lat' dir='ltr'>misisset</span> <span class='ocrx_word' id='word_1_341' title='bbox 795 4496 829 4550; x_wconf 94' lang='lat' dir='ltr'>ut</span> <span class='ocrx_word' id='word_1_342' title='bbox 852 4488 932 4573; x_wconf 80' lang='grc' dir='ltr'><em>αὐτῷ</em></span> <span class='ocrx_word' id='word_1_343' title='bbox 957 4493 995 4573; x_wconf 78' lang='grc' dir='ltr'>τῷ</span> <span class='ocrx_word' id='word_1_344' title='bbox 1021 4487 1113 4574; x_wconf 80' lang='grc' dir='ltr'><strong><em>μέτρῳ</em></strong></span> <span class='ocrx_word' id='word_1_345' title='bbox 1137 4487 1187 4549; x_wconf 79' lang='grc' dir='ltr'>καὶ</span> <span class='ocrx_word' id='word_1_346' title='bbox 1210 4490 1309 4564; x_wconf 77' lang='grc' dir='ltr'><strong><em>λώιον,</em></strong></span> <span class='ocrx_word' id='word_1_347' title='bbox 1333 4494 1358 4548; x_wconf 91' lang='lat' dir='ltr'>si</span> <span class='ocrx_word' id='word_1_348' title='bbox 1381 4491 1469 4550; x_wconf 89' lang='lat' dir='ltr'>modo</span> <span class='ocrx_word' id='word_1_349' title='bbox 1488 4494 1651 4567; x_wconf 86' lang='lat' dir='ltr'>potuissem</span> 
     </span>
     <span class='ocr_line' id='line_1_33' title="bbox 366 4578 1652 4660; baseline 0.002 -21"><span class='ocrx_word' id='word_1_350' title='bbox 366 4613 411 4621; x_wconf 92' lang='lat'>-</span> <span class='ocrx_word' id='word_1_351' title='bbox 433 4599 504 4639; x_wconf 91' lang='lat' dir='ltr'>nam</span> <span class='ocrx_word' id='word_1_352' title='bbox 533 4580 589 4639; x_wconf 90' lang='lat' dir='ltr'>hoo</span> <span class='ocrx_word' id='word_1_353' title='bbox 619 4580 710 4639; x_wconf 86' lang='lat' dir='ltr'>etiam</span> <span class='ocrx_word' id='word_1_354' title='bbox 739 4580 887 4640; x_wconf 86' lang='lat' dir='ltr'>Hesiodus</span> <span class='ocrx_word' id='word_1_355' title='bbox 918 4580 1053 4639; x_wconf 87' lang='lat' dir='ltr'>ascribit:</span> <span class='ocrx_word' id='word_1_356' title='bbox 1084 4578 1120 4638; x_wconf 83' lang='grc' dir='ltr'>αἴ</span> <span class='ocrx_word' id='word_1_357' title='bbox 1144 4601 1176 4639; x_wconf 83' lang='grc' dir='ltr'>κε</span> <span class='ocrx_word' id='word_1_358' title='bbox 1204 4579 1321 4657; x_wconf 82' lang='grc' dir='ltr'><strong><em>δύνηαι.</em></strong></span> <span class='ocrx_word' id='word_1_359' title='bbox 1367 4600 1445 4639; x_wconf 88' lang='lat' dir='ltr'>nuno</span> <span class='ocrx_word' id='word_1_360' title='bbox 1472 4581 1558 4639; x_wconf 87' lang='lat' dir='ltr'>illam</span> <span class='ocrx_word' id='word_1_361' title='bbox 1586 4580 1652 4660; x_wconf 77' lang='grc' dir='ltr'><strong><em>περὶ</em></strong></span> 
     </span>
    </p>
   </div>
   <div class='ocr_carea' id='block_1_3' title="bbox 366 4767 1653 5267">
    <p class='ocr_par' dir='ltr' id='par_1_3' title="bbox 366 4767 1653 5267">
     <span class='ocr_line' id='line_1_34' title="bbox 456 4767 1650 4838; baseline 0.001 -16"><span class='ocrx_word' id='word_1_362' title='bbox 456 4770 588 4837; x_wconf 81' lang='lat' dir='ltr'>epistulae</span> <span class='ocrx_word' id='word_1_363' title='bbox 606 4786 632 4823; x_wconf 89' lang='lat' dir='ltr'>a.</span> <span class='ocrx_word' id='word_1_364' title='bbox 654 4767 748 4837; x_wconf 69' lang='lat' dir='ltr'>tou-&#39;eo</span> <span class='ocrx_word' id='word_1_365' title='bbox 767 4770 884 4838; x_wconf 67' lang='lat' dir='ltr'>scriptae</span> <span class='ocrx_word' id='word_1_366' title='bbox 902 4784 1008 4834; x_wconf 79' lang='lat' dir='ltr'>omlrcs;</span> <span class='ocrx_word' id='word_1_367' title='bbox 1032 4768 1091 4821; x_wconf 83' lang='lat' dir='ltr'>dics</span> <span class='ocrx_word' id='word_1_368' title='bbox 1108 4768 1246 4836; x_wconf 77' lang='lat' dir='ltr'>adscripsi</span> <span class='ocrx_word' id='word_1_369' title='bbox 1262 4768 1319 4833; x_wconf 77' lang='lat' dir='ltr'>fere</span> <span class='ocrx_word' id='word_1_370' title='bbox 1336 4784 1404 4838; x_wconf 79' lang='lat' dir='ltr'>quos</span> <span class='ocrx_word' id='word_1_371' title='bbox 1417 4774 1481 4836; x_wconf 84' lang='lat' dir='ltr'>post</span> <span class='ocrx_word' id='word_1_372' title='bbox 1499 4769 1650 4823; x_wconf 80' lang='lat' dir='ltr'>Sebicbium</span> 
     </span>
     <span class='ocr_line' id='line_1_35' title="bbox 366 4839 1651 4906; baseline 0 -12"><span class='ocrx_word' id='word_1_373' title='bbox 366 4842 508 4894; x_wconf 73' lang='lat' dir='ltr'>corastituit</span> <span class='ocrx_word' id='word_1_374' title='bbox 529 4840 558 4895; x_wconf 90' lang='lat'>0.</span> <span class='ocrx_word' id='word_1_375' title='bbox 578 4840 615 4895; x_wconf 83' lang='lat' dir='ltr'>E.</span> <span class='ocrx_word' id='word_1_376' title='bbox 635 4840 807 4895; x_wconf 70' lang='lat' dir='ltr'>Schmidtc&#39;us.</span> <span class='ocrx_word' id='word_1_377' title='bbox 842 4842 873 4893; x_wconf 81' lang='lat' dir='ltr'>iu</span> <span class='ocrx_word' id='word_1_378' title='bbox 891 4839 970 4893; x_wconf 81' lang='lat' dir='ltr'>breui</span> <span class='ocrx_word' id='word_1_379' title='bbox 987 4840 1038 4893; x_wconf 83' lang='lat' dir='ltr'>buc</span> <span class='ocrx_word' id='word_1_380' title='bbox 1056 4839 1235 4893; x_wconf 73' lang='lat' dir='ltr'>aduocatione</span> <span class='ocrx_word' id='word_1_381' title='bbox 1254 4841 1291 4893; x_wconf 89' lang='lat' dir='ltr'><strong><em>M</em></strong></span> <span class='ocrx_word' id='word_1_382' title='bbox 1307 4846 1345 4894; x_wconf 81' lang='lat' dir='ltr'>cst</span> <span class='ocrx_word' id='word_1_383' title='bbox 1364 4840 1518 4906; x_wconf 81' lang='lat' dir='ltr'>Mcdiccus,</span> <span class='ocrx_word' id='word_1_384' title='bbox 1541 4840 1567 4893; x_wconf 85' lang='lat' dir='ltr'><em>Z</em></span> <span class='ocrx_word' id='word_1_385' title='bbox 1587 4842 1651 4894; x_wconf 79' lang='lat' dir='ltr'>Tor·</span> 
     </span>
     <span class='ocr_line' id='line_1_36' title="bbox 366 4910 1651 4979; baseline 0 -14"><span class='ocrx_word' id='word_1_386' title='bbox 366 4914 529 4977; x_wconf 49' lang='lat' dir='ltr'>1uucsc&#39;uuus,</span> <span class='ocrx_word' id='word_1_387' title='bbox 548 4929 562 4965; x_wconf 92' lang='lat' dir='ltr'>c</span> <span class='ocrx_word' id='word_1_388' title='bbox 582 4910 785 4977; x_wconf 79' lang='lat' dir='ltr'>Orotaudriuo,</span> <span class='ocrx_word' id='word_1_389' title='bbox 805 4910 963 4965; x_wconf 81' lang='lat' dir='ltr'>Oetusduu</span> <span class='ocrx_word' id='word_1_390' title='bbox 980 4927 1083 4979; x_wconf 74' lang='lat' dir='ltr'>usurpo,</span> <span class='ocrx_word' id='word_1_391' title='bbox 1101 4915 1128 4962; x_wconf 88' lang='grc' dir='ltr'><em>Δ</em></span> <span class='ocrx_word' id='word_1_392' title='bbox 1147 4910 1289 4965; x_wconf 78' lang='lat' dir='ltr'>Mediccus</span> <span class='ocrx_word' id='word_1_393' title='bbox 1306 4928 1367 4964; x_wconf 85' lang='lat' dir='ltr'>cum</span> <span class='ocrx_word' id='word_1_394' title='bbox 1386 4912 1527 4978; x_wconf 78' lang='lat' dir='ltr'>Vrbiucti,</span> <span class='ocrx_word' id='word_1_395' title='bbox 1546 4914 1574 4964; x_wconf 93' lang='grc' dir='ltr'><strong><em>Σ</em></strong></span> <span class='ocrx_word' id='word_1_396' title='bbox 1589 4914 1651 4966; x_wconf 80' lang='lat' dir='ltr'>reli-</span> 
     </span>
     <span class='ocr_line' id='line_1_37' title="bbox 367 4979 1652 5052; baseline 0 -17"><span class='ocrx_word' id='word_1_397' title='bbox 367 4984 416 5051; x_wconf 80' lang='lat' dir='ltr'>qui</span> <span class='ocrx_word' id='word_1_398' title='bbox 429 4983 532 5037; x_wconf 81' lang='lat' dir='ltr'>codices</span> <span class='ocrx_word' id='word_1_399' title='bbox 546 4983 703 5037; x_wconf 84' lang='lat' dir='ltr'>Lebmouui</span> <span class='ocrx_word' id='word_1_400' title='bbox 811 4979 968 5036; x_wconf 78' lang='lat' dir='ltr'>blibcralis</span> <span class='ocrx_word' id='word_1_401' title='bbox 983 4982 1020 5035; x_wconf 87' lang='lat' dir='ltr'>sit</span> <span class='ocrx_word' id='word_1_402' title='bbox 1034 4982 1152 5035; x_wconf 80' lang='lat' dir='ltr'>Ursinus</span> <span class='ocrx_word' id='word_1_403' title='bbox 1165 4979 1363 5035; x_wconf 85' lang='lat' dir='ltr'>liberalissima</span> <span class='ocrx_word' id='word_1_404' title='bbox 1377 4983 1443 5036; x_wconf 80' lang='lat' dir='ltr'>libri</span> <span class='ocrx_word' id='word_1_405' title='bbox 1550 4988 1583 5035; x_wconf 91' lang='lat'>18</span> <span class='ocrx_word' id='word_1_406' title='bbox 1603 4983 1652 5052; x_wconf 90' lang='lat' dir='ltr'>qui</span> 
     </span>
     <span class='ocr_line' id='line_1_38' title="bbox 367 5051 1652 5125; baseline -0.001 -19"><span class='ocrx_word' id='word_1_407' title='bbox 367 5053 453 5107; x_wconf 89' lang='lat' dir='ltr'>etiam</span> <span class='ocrx_word' id='word_1_408' title='bbox 473 5055 666 5125; x_wconf 74' lang='lat' dir='ltr'>Wcscubcrpus</span> <span class='ocrx_word' id='word_1_409' title='bbox 680 5054 780 5107; x_wconf 80' lang='lat' dir='ltr'>cuccucl.</span> <span class='ocrx_word' id='word_1_410' title='bbox 793 5058 844 5105; x_wconf 79' lang='lat'>123</span> <span class='ocrx_word' id='word_1_411' title='bbox 953 5058 987 5105; x_wconf 79' lang='lat'>20</span> <span class='ocrx_word' id='word_1_412' title='bbox 1006 5051 1132 5120; x_wconf 84' lang='lat' dir='ltr'>aliaque</span> <span class='ocrx_word' id='word_1_413' title='bbox 1147 5052 1246 5105; x_wconf 89' lang='lat' dir='ltr'>scribis</span> <span class='ocrx_word' id='word_1_414' title='bbox 1256 5070 1295 5121; x_wconf 83' lang='lat' dir='ltr'>pr</span> <span class='ocrx_word' id='word_1_415' title='bbox 1309 5055 1346 5107; x_wconf 87' lang='lat' dir='ltr'><strong><em>M</em></strong></span> <span class='ocrx_word' id='word_1_416' title='bbox 1362 5052 1433 5106; x_wconf 86' lang='lat' dir='ltr'>talio</span> <span class='ocrx_word' id='word_1_417' title='bbox 1447 5069 1512 5107; x_wconf 89' lang='lat' dir='ltr'>rene</span> <span class='ocrx_word' id='word_1_418' title='bbox 1527 5053 1567 5122; x_wconf 71' lang='lat'><em>(.9)</em></span> <span class='ocrx_word' id='word_1_419' title='bbox 1587 5070 1652 5107; x_wconf 89' lang='lat' dir='ltr'>con·</span> 
     </span>
     <span class='ocr_line' id='line_1_39' title="bbox 368 5122 1653 5192; baseline 0.001 -13"><span class='ocrx_word' id='word_1_420' title='bbox 368 5124 466 5179; x_wconf 87' lang='lat' dir='ltr'>scribis</span> <span class='ocrx_word' id='word_1_421' title='bbox 485 5142 546 5181; x_wconf 83' lang='lat' dir='ltr'>corr</span> <span class='ocrx_word' id='word_1_422' title='bbox 562 5127 597 5179; x_wconf 88' lang='lat' dir='ltr'><em>M</em></span> <span class='ocrx_word' id='word_1_423' title='bbox 704 5130 737 5177; x_wconf 75' lang='lat'>23</span> <span class='ocrx_word' id='word_1_424' title='bbox 757 5124 821 5177; x_wconf 89' lang='lat' dir='ltr'>misi</span> <span class='ocrx_word' id='word_1_425' title='bbox 837 5126 863 5178; x_wconf 92' lang='lat' dir='ltr'><em>Z</em></span> <span class='ocrx_word' id='word_1_426' title='bbox 877 5123 948 5177; x_wconf 89' lang='lat' dir='ltr'>iussi</span> <span class='ocrx_word' id='word_1_427' title='bbox 962 5124 996 5176; x_wconf 86' lang='lat' dir='ltr'><em>M</em></span> <span class='ocrx_word' id='word_1_428' title='bbox 1108 5128 1141 5175; x_wconf 78' lang='lat'>24</span> <span class='ocrx_word' id='word_1_429' title='bbox 1161 5122 1271 5177; x_wconf 84' lang='lat' dir='ltr'>litteras</span> <span class='ocrx_word' id='word_1_430' title='bbox 1289 5127 1322 5192; x_wconf 78' lang='lat' dir='ltr'>cf</span> <span class='ocrx_word' id='word_1_431' title='bbox 1331 5124 1436 5180; x_wconf 72' lang='lat' dir='ltr'>Rcirlus</span> <span class='ocrx_word' id='word_1_432' title='bbox 1451 5125 1653 5180; x_wconf 83' lang='lat' dir='ltr'>Hermotbeuce</span> 
     </span>
     <span class='ocr_line' id='line_1_40' title="bbox 367 5195 1297 5267; baseline -0.001 -18"><span class='ocrx_word' id='word_1_433' title='bbox 367 5216 385 5249; x_wconf 84' lang='lat' dir='ltr'>x</span> <span class='ocrx_word' id='word_1_434' title='bbox 405 5199 478 5267; x_wconf 84' lang='lat' dir='ltr'>(xxv)</span> <span class='ocrx_word' id='word_1_435' title='bbox 498 5202 549 5250; x_wconf 78' lang='lat'>350</span> <span class='ocrx_word' id='word_1_436' title='bbox 658 5201 690 5249; x_wconf 82' lang='lat'>31</span> <span class='ocrx_word' id='word_1_437' title='bbox 711 5198 887 5265; x_wconf 84' lang='lat' dir='ltr'>processerat</span> <span class='ocrx_word' id='word_1_438' title='bbox 903 5212 939 5261; x_wconf 82' lang='lat' dir='ltr'>ur,</span> <span class='ocrx_word' id='word_1_439' title='bbox 958 5196 990 5261; x_wconf 84' lang='lat' dir='ltr'>cf</span> <span class='ocrx_word' id='word_1_440' title='bbox 1005 5196 1110 5250; x_wconf 82' lang='lat' dir='ltr'>Reidus</span> <span class='ocrx_word' id='word_1_441' title='bbox 1128 5195 1227 5248; x_wconf 79' lang='lat' dir='ltr'>ibidem</span> <span class='ocrx_word' id='word_1_442' title='bbox 1247 5200 1297 5248; x_wconf 81' lang='grc'>337</span> 
     </span>
    </p>
   </div>
   <div class='ocr_carea' id='block_1_4' title="bbox 0 0 1886 6468">
    <p class='ocr_par' dir='ltr' id='par_1_4' title="bbox 0 0 1886 6468">
     <span class='ocr_line' id='line_1_41' title="bbox 0 0 1886 6468; baseline 0 0"><span class='ocrx_word' id='word_1_443' title='bbox 0 0 1886 6468; x_wconf 95' lang='lat' dir='ltr'> </span> 
     </span>
    </p>
   </div>
  </div>
 </body>
</html>
