3750 6475
290 871 427 926 amum
756 867 939 922 LVOVLLVS
960 873 1108 934 lim-65
1529 866 1575 929 95

289 1031 413 1096 ineerta
445 1053 526 1115 quae
553 1032 660 1115 ἄδηλα
688 1028 823 1117 Graeci.)
876 1030 903 1094 si
931 1031 1017 1094 enirn
1045 1051 1096 1094 res
1124 1053 1157 1096 se
1185 1030 1231 1094 ita
1261 1029 1402 1094 habeant
1430 1032 1466 1092 ut
1489 1028 1572 1093 nihil

289 1137 418 1203 intersit
444 1141 555 1203 utrum
583 1138 628 1202 ita
655 1139 707 1203 cui
734 1138 884 1202 uideatur
911 1142 949 1201 ut
975 1139 1089 1202 insano
1118 1161 1159 1201 an
1186 1159 1278 1222 sano,
1310 1138 1361 1201 cui
1389 1136 1492 1221 possit
1520 1158 1571 1200 ex-

288 1244 451 1329 ploratum
479 1266 547 1309 esse
575 1245 613 1309 de
642 1268 699 1309 sua
728 1246 887 1309 sanitate?
925 1244 1012 1327 quod
1040 1243 1125 1309 uelle
1153 1243 1279 1308 efficere
1306 1265 1371 1307 non
1400 1242 1571 1307 mediocris

288 1351 414 1416 insania
437 1355 493 1416 est.
1058 1412 1060 1417 .

378 1456 614 1522 Similitudines
652 1480 728 1522 uero
765 1462 822 1522 aut
859 1457 1062 1543 geminorum
1099 1461 1156 1521 aut
1187 1459 1354 1543 signorum
1386 1455 1491 1520 anulis
1524 1457 1570 1519 in-
1598 1481 1613 1522 e

286 1586 473 1649 pressorum
495 1564 662 1649 pueriliter
685 1567 919 1630 consectantur.
970 1565 1042 1647 quis
1066 1565 1150 1628 enim
1173 1567 1320 1628 nostrum
1344 1561 1570 1628 similitudines

288 1674 385 1758 negat
413 1693 491 1756 esse,
519 1693 593 1735 oum
616 1692 671 1735 eae
694 1671 845 1756 plurimis
868 1671 902 1735 in
924 1671 1021 1736 rebus
1044 1674 1227 1755 appareant.
1288 1670 1343 1735 sed
1367 1671 1395 1734 si
1419 1669 1498 1733 satis
1521 1673 1571 1735 est

286 1779 327 1843 ed
350 1778 526 1843 tollendam
549 1778 768 1864 cognitionem
792 1777 912 1842 similia
935 1800 1005 1842 esse
1028 1777 1130 1841 multa
1154 1777 1339 1861 multorum,
1363 1798 1420 1842 cur
1443 1799 1481 1840 eo
1504 1798 1569 1840 non

286 1885 365 1950 estis
389 1885 541 1969 contenti,
565 1884 753 1968 praesertim
777 1884 1027 1949 concedentibus
1049 1883 1153 1967 nobis,
1176 1889 1208 1948 et
1231 1905 1289 1949 cur
1311 1884 1344 1947 id
1367 1883 1476 1968 potius
1496 1903 1568 1947 con-

284 1992 419 2057 tenditis
443 1992 528 2076 quod
551 2013 659 2056 rerum
681 1995 798 2056 natura
819 2012 885 2055 non
908 1991 1045 2075 patitur,
1067 1994 1106 2054 ut
1127 2013 1193 2055 non
1211 2012 1269 2055 suo
1288 1989 1429 2075 quidque
1453 2011 1568 2075 genere
1582 2018 1612 2057 ro

285 2100 328 2164 sit
350 2098 415 2163 tale
439 2097 533 2182 quale
556 2102 615 2182 est,
643 2121 701 2162 neo
725 2098 768 2162 sit
792 2097 826 2162 in
849 2097 975 2162 duobus
999 2101 1055 2162 eut
1078 2097 1226 2181 pluribus
1248 2097 1339 2162 nulla
1361 2119 1395 2162 re
1418 2097 1567 2161 differens

231 2205 352 2269 &tolla
384 2205 621 2272 communitas?
681 2208 717 2268 ut
750 2203 812 2269 sibi
847 2205 912 2268 sint
944 2207 977 2267 et
1013 2226 1075 2268 oua
1107 2226 1242 2268 cuorum
1277 2208 1309 2268 et
1345 2225 1421 2288 apes
1458 2203 1567 2288 apium

285 2310 482 2376 simillimae:
511 2311 589 2394 quid
611 2332 736 2396 pugnas
760 2311 862 2396 igitur
890 2313 946 2374 aut
970 2310 1048 2394 quid
1070 2310 1132 2375 tibi
1155 2311 1206 2374 uis
1229 2311 1264 2374 in
1286 2311 1445 2396 geminis?
1494 2331 1566 2375 con·

230 2427 286 2496 (55)
295 2417 420 2483 ceditur
439 2417 523 2482 enirn
542 2416 665 2481 similes
684 2438 761 2500 esee,
786 2439 849 2501 quo
869 2419 1040 2481 contentus
1059 2438 1126 2481 esse
1145 2420 1311 2502 potueras3
1333 2420 1370 2480 tu
1389 2420 1496 2482 sutem
1515 2416 1566 2480 uis

282 2524 412 2589 eosdem
435 2522 530 2606 plane
554 2545 622 2587 esse
644 2544 712 2587 non
734 2521 865 2606 similes,
889 2523 976 2605 quod
998 2522 1070 2586 fieri
1092 2522 1182 2587 nullo
1205 2523 1302 2587 modo
1325 2527 1442 2607 potest.
1580 2554 1609 2594 a,

230 2649 261 2697 55
372 2628 457 2694 Dein
484 2629 632 2714 confugis
661 2628 700 2693 ad
729 2628 880 2712 physicos
909 2650 964 2692 eos
992 2631 1049 2713 qui
1072 2629 1211 2693 maxime
1235 2628 1269 2693 in
1292 2629 1467 2696 Academia
1490 2631 1566 2693 inri-

282 2737 408 2820 dentur,
431 2759 450 2800 a
473 2736 593 2820 quibus
616 2757 656 2799 ne
674 2739 712 2799 tu
731 2735 860 2819 quidem
880 2734 945 2800 iam
963 2739 995 2800 te
1013 2735 1199 2820 abstinebis
1225 2740 1257 2800 et
1275 2736 1323 2801 ais
1342 2736 1564 2800 Democritum

283 2844 387 2908 dicere
410 2842 661 2907 innumerabiles
685 2863 753 2906 esse
776 2842 922 2921 mundos,
946 2845 979 2906 et
1001 2842 1131 2927 quidem
1152 2844 1199 2907 sic
1217 2843 1374 2928 quosdam
1393 2843 1565 2906 interesse

279 2971 348 3014 non
380 2949 485 3014 solum
516 2947 637 3012 similes
670 2948 724 3012 sed
757 2948 898 3032 undique
927 2948 1068 3032 perfecte
1095 2953 1128 3013 et
1156 2949 1302 3014 absolute
1330 2949 1376 3014 ita
1403 2972 1496 3034 pares
1530 2953 1565 3013 ut

371 3149 384 3196 1
406 3141 488 3196 adela
507 3143 567 3195 AV
587 3140 705 3211 advaela
724 3143 752 3195 Β
858 3140 965 3197 habeat
985 3142 1151 3197 Goerenzius
1170 3143 1566 3210 (defin.1‘l,25)etitaeolet

280 3215 386 3282 Cicero,
404 3231 453 3269 nee
470 3215 550 3269 illum
568 3214 703 3280 refutauit
723 3213 751 3269 0.
763 3213 798 3267 F.
809 3214 991 3268 Hermannus
1000 3214 1097 3282 philol.
1111 3233 1151 3268 vu
1164 3218 1233 3280 469,·
1249 3215 1281 3281 ef
1293 3215 1362 3270 Tim.
1379 3220 1457 3282 1244

279 3292 295 3339 2
314 3288 347 3351 ut
367 3287 393 3340 V
522 3302 558 3339 an
580 3287 614 3338 ut
637 3300 704 3339 seno
724 3286 880 3340 Lambinus
903 3287 962 3351 bm‚·
985 3302 1032 3356 epo
1054 3287 1162 3356 ambiqo
1180 3293 1295 3355 propter
1316 3292 1515 3341 inemrsmntem
1533 3289 1564 3340 in

277 3359 414 3413 similibus
431 3374 527 3423 usnm;
545 3357 609 3411 uide
623 3374 653 3425 p.
669 3360 729 3421 53,9
751 3357 931 3426 Madnipium
950 3358 982 3410 de
999 3357 1047 3422 fin.
1062 3376 1091 3409 ιι
1105 3361 1165 3422 9,22
1310 3362 1326 3409 4
1345 3357 1454 3411 mlama
1472 3362 1487 3410 b
1506 3359 1564 3412 AB

278 3428 344 3482 sest
361 3446 421 3484 corr
439 3428 554 3481 mlanue
573 3427 614 3481 est
634 3427 993 3494 thmr;efdeinu,16‚8.
1010 3433 1070 3493 9,12
1089 3446 1111 3479 ιι
1124 3433 1222 3494 41,120
1237 3435 1305 3482 orat.
1322 3433 1418 3494 ‘ll‚236
1439 3430 1515 3483 Tusa.
1531 3448 1563 3481 ιιι

278 3505 358 3564 32,ἵῖ
377 3501 409 3555 de
427 3506 484 3554 nat.
504 3500 717 3565 deor.n134‚84
736 3498 768 3553 de
787 3499 875 3552 diuin.
891 3503 1006 3564 1126‚bli
1133 3504 1149 3551 5
1168 3499 1273 3552 anulhf
1287 3516 1349 3555 corr
1367 3499 1446 3566 ωῌω,
1465 3500 1563 3554 deinde

277 3570 349 3623 vlle
368 3571 395 3623 V
530 3575 546 3623 8
566 3571 766 3641 coguitionem,
790 3571 831 3622 nrt
849 3571 880 3623 in
898 3586 958 3636 ras,
981 3571 1039 3636 fnit
1056 3572 1113 3624 uni
1129 3570 1214 3636 fallor
1233 3573 1283 3624 nat
1297 3573 1325 3625 B
1465 3576 1480 3623 9
1499 3588 1562 3639 pre·

277 3627 382 3714 laicum
400 3676 461 3714 corr
478 3673 551 3731 prem
570 3658 596 3712 V
707 3658 786 3712 eund
805 3675 866 3712 eum
883 3675 931 3712 ras
945 3674 979 3712 ea
996 3659 1043 3710 <se
1062 3659 1089 3711 B
1203 3664 1237 3711 10
1255 3658 1285 3712 in
1303 3666 1368 3715 ante
1385 3675 1487 3729 genere
1505 3660 1566 3714 add

276 3730 432 3786 Lambinus
451 3737 474 3796 t,
493 3736 557 3784 ante
575 3746 625 3783 suo
644 3746 677 3784 ea
696 3730 796 3783 Halmi
812 3732 947 3784 seruantia
965 3747 1005 3791 m,
1028 3731 1078 3797 qui
1095 3730 1157 3784 item
1176 3731 1208 3785 de
1225 3731 1273 3797 tin.
1288 3750 1306 3784 v
1321 3735 1381 3793 926
1400 3732 1482 3785 scribi
1500 3733 1563 3785 uult

275 3802 360 3856 utin
384 3818 434 3855 suo
458 3817 560 3871 genere
583 3800 752 3870 perueniant
775 3801 812 3854 ad
835 3801 1003 3868 extremum,
1027 3802 1076 3855 ubi
1097 3800 1127 3853 in
1150 3803 1217 3857 iibri
1237 3818 1295 3857 non
1312 3803 1427 3869 habeam
1452 3808 1477 3857 et
1494 3809 1562 3857 certe

275 3875 386 3943 scripsit
405 3872 496 3927 Cicero
515 3873 591 3941 quod
610 3872 640 3925 in
659 3887 708 3925 suo
725 3870 1085 3941 genereexpletumatque
1100 3873 1332 3928 commutamus
1348 3874 1426 3929 Tuae.
1441 3893 1459 3926 v
1474 3878 1565 3941 1339,

274 3946 308 3999 ut
331 3943 425 3999 omnia
448 3943 568 3998 floreant
591 3944 620 3997 et
642 3942 672 3995 in
696 3959 746 3996 suo
770 3958 898 4011 quaeque
921 3959 1024 4012 genere
1045 3944 1203 4013 pubescant
1225 3945 1257 3999 de
1277 3945 1560 4011 nat.deor.1115‚41.

274 4033 340 4071 nam
359 4016 431 4071 ulau
453 4017 485 4068 ut
508 4015 537 4068 in
561 4031 611 4068 suo
635 4029 764 4083 quaeque
787 4030 889 4084 genere
911 4018 1078 4084 permaneat
1099 4017 1166 4071 ibid.
1181 4022 1277 4085 41,121
1300 4024 1325 4071 et
1347 4018 1418 4072 talia
1443 4016 1563 4082 conferri

274 4104 331 4141 non
350 4088 446 4141 debent
545 4092 576 4138 11
597 4085 678 4139 lrtale
688 4103 726 4155 pr
740 4088 767 4139 A
866 4086 904 4139 fic
916 4103 953 4154 pr
972 4087 1023 4141 VB
1119 4086 1249 4142 drfferent
1258 4106 1298 4157 pr
1317 4089 1343 4143 V
1435 4094 1467 4142 12
1482 4087 1562 4141 nulla

276 4157 463 4212 communitas
484 4158 540 4212 Ven
558 4158 714 4212 Lambinus
732 4158 761 4222 b,
780 4157 853 4226 quod
870 4158 975 4223 falsum
992 4175 1046 4213 esse
1064 4160 1264 4214 demonemauit
1278 4161 1445 4230 Maduipius
1459 4160 1559 4213 emend.

277 4235 349 4284 154⁸
371 4231 492 4297 idemque
515 4230 580 4283 adu.
595 4230 654 4284 crit.
669 4247 692 4280 ιι
706 4233 758 4281 242
781 4229 824 4283 bis
846 4229 950 4283 uerbis:
974 4229 1014 4283 ‘ii
1036 4247 1151 4297 quorum
1178 4232 1222 4285 bie
1245 4232 1379 4285 sententia
1404 4231 1564 4297 defenditur

274 4302 469 4355 contendebant
487 4317 537 4354 suso
556 4300 674 4368 quidque
696 4317 790 4369 penore
809 4317 862 4354 esse
880 4302 933 4354 tale
952 4302 1032 4368 quale
1050 4308 1128 4367 esset,
1153 4319 1202 4355 nee
1224 4319 1277 4356 esse
1300 4304 1331 4355 in
1356 4303 1463 4356 duobus
1480 4302 1559 4355 uuila

273 4390 303 4426 re
321 4373 493 4439 differentem
510 4373 598 4425 uliam
616 4372 841 4425 communitatem.
879 4374 972 4439 itaque
989 4375 1113 4440 sequitur
1130 4379 1161 4426 ut
1175 4374 1271 4428 dicant
1283 4378 1415 4427 naturam
1428 4376 1560 4440 neapoli

273 4450 380 4499 utnon
398 4445 439 4497 ita
457 4445 507 4508 sit,
521 4444 692 4511 pertinetque
706 4443 801 4510 prima
819 4443 870 4496 iila
888 4444 998 4512 neyatio
1016 4444 1124 4496 utnon
1142 4443 1180 4498 ad
1197 4450 1284 4498 totum
1300 4446 1373 4499 bunc
1391 4444 1559 4513 complexum

272 4516 422 4569 sententiae
440 4531 473 4568 ea
491 4514 664 4581 affirmatius
682 4512 798 4568 membro
816 4520 842 4568 et
858 4514 988 4583 nepetino
1008 4517 1072 4580 (nec
1086 4514 1248 4582 sit—ullo)
1268 4516 1449 4571 constantem'

274 4587 417 4639 comumta
427 4587 454 4639 A
538 4587 572 4638 ut
584 4584 662 4655 [sibi]
676 4584 733 4637 sint
744 4583 891 4638 Goerenzio
903 4591 1034 4639 auctorat
1047 4587 1078 4638 st
1091 4585 1145 4639 tibi
1157 4586 1215 4639 sint
1224 4587 1378 4641 Lambinus
1390 4590 1423 4640 ut
1433 4585 1487 4640 tibi
1500 4585 1558 4638 sint

274 4656 410 4712 Christius
423 4656 510 4709 etiam
525 4655 549 4709 si
564 4657 622 4708 sint
635 4658 661 4709 ei
674 4662 686 4711 t
698 4658 731 4708 ut
745 4654 769 4707 si
784 4654 842 4707 sint
858 4656 988 4710 Muelleri
1002 4658 1085 4722 (coni.
1097 4658 1166 4712 lull.
1178 4662 1224 4725 24)
1236 4674 1322 4712 suasu
1337 4660 1376 4724 br,
1390 4674 1557 4725 quamquam

271 4735 367 4783 eontra
386 4729 495 4782 dixerat
515 4728 681 4797 Maduipius
699 4728 764 4780 adu.
780 4728 839 4781 crit.
855 4732 943 4779 11242
962 4744 1046 4795 neque
1065 4729 1122 4796 ipse
1140 4746 1167 4781 m
1184 4731 1367 4783 coniecturam
1389 4746 1469 4783 suam
1487 4745 1556 4783 eom·

270 4801 432 4854 memorauit
454 4801 486 4852 in
508 4799 638 4865 editione,
661 4805 742 4866 atque
765 4798 815 4852 sila
839 4800 933 4851 omnia
955 4799 1026 4865 ferri
1042 4801 1095 4854 uia
1111 4807 1230 4869 possent
1249 4807 1361 4870 propter
1379 4799 1484 4870 igitur;
1509 4818 1558 4854 nec

267 4871 442 4940 probabilius
462 4871 628 4941 Maduipius
646 4871 663 4923 l.
679 4870 704 4923 d.
725 4876 750 4923 et
767 4869 832 4923 oiim
850 4872 882 4923 in
903 4870 1046 4925 Turicemi
1064 4873 1151 4925 altera
1165 4889 1195 4940 p.
1212 4876 1263 4925 854
1286 4871 1346 4925 ulle
1369 4870 1560 4926 communitae¹

270 4942 334 4995 uisi.
364 4941 420 4995 sint
443 4943 472 4994 et
495 4958 561 5007 oua,
581 4942 711 5010 quoniam
728 4956 786 4994 non
804 4957 879 4995 nune
897 4942 929 4995 de
948 4943 1018 4995 uism
1035 4944 1130 5012 apicus
1146 4944 1194 4998 sed
1211 4944 1341 4997 derebus
1362 4945 1439 5012 ipsis.
1483 4943 1514 4995 at
1532 4942 1556 4996 si

270 5013 314 5066 uis
334 5012 391 5065 sint
409 5014 435 5067 ei
453 5013 592 5067 Dauisius
616 5028 673 5067 non
690 5012 761 5065 male
779 5018 812 5065 ut
829 5014 940 5081 opinor,
964 5015 996 5081 ef
1009 5014 1041 5068 de
1060 5013 1149 5068 diuin.
1165 5033 1186 5066 11
1201 5018 1279 5081 1534
1298 5016 1331 5069 de
1349 5016 1409 5081 fato
1428 5020 1480 5081 4,8,
1499 5016 1561 5068 nisi

270 5084 442 5153 quoduam
460 5084 646 5154 adiunpeudis
663 5083 793 5152 eaempiis
810 5100 906 5138 uerum
929 5085 1047 5140 uidetur.
1075 5086 1163 5154 plura
1181 5086 1268 5140 deesse
1285 5088 1417 5141 uidentur
1435 5087 1558 5141 Vahleno

360 5189 555 5257 numilem
568 5191 596 5243 A
720 5167 756 5259 qb
774 5207 836 5244 cunc
853 5208 901 5245 ras
919 5190 1009 5302 ⁶³⁹de
1023 5193 1051 5245 A
1070 5168 1160 5304 disten
1173 5190 1211 5259 qd
1231 5191 1257 5245 V
1364 5191 1555 5246 Democritum

268 5316 296 5371 A
314 5320 347 5369 81
364 5316 401 5369 D.
519 5319 552 5367 18
572 5314 700 5383 l1qu0ldt
714 5316 741 5368 A
875 5317 997 5370 mter&
1013 5317 1040 5369 V
1058 5319 1108 5370 int.
1124 5316 1151 5369 le
1174 5317 1202 5369 Β
1333 5322 1365 5371 19
1385 5316 1427 5372 its
1445 5323 1555 5372 auctore
