3750 6475
294 803 335 869 18
607 801 809 859 PARADOXA
827 803 1035 860 sroleouvn
1054 809 1160 860 99-36
1180 804 1214 873 (V
1230 808 1256 875 1)

291 967 477 1051 auaritiam,
510 971 632 1033 ceteras
655 967 755 1032 animi
778 967 866 1033 labes
888 967 1038 1052 repellat,
1067 972 1137 1032 tum
1161 968 1296 1052 incipiat
1320 967 1394 1034 aliis
1416 969 1576 1053 imperare

291 1095 364 1138 cum
393 1074 462 1158 ipse
490 1074 739 1159 improbissimis
766 1074 904 1140 dominis
932 1073 1080 1141 dedecori
1107 1095 1145 1140 ac
1172 1075 1367 1160 turpitudini
1389 1097 1502 1159 parere
1525 1076 1577 1141 de·

291 1182 399 1266 sierit3
426 1179 503 1246 dum
527 1180 656 1265 quidem
678 1180 720 1245 iis
743 1180 907 1265 oboediet,
929 1203 995 1246 non
1018 1181 1115 1247 modo
1138 1183 1316 1266 imperator
1338 1181 1394 1246 sed
1416 1182 1500 1247 liber
1522 1182 1577 1247 ha·

290 1286 416 1352 bendus
440 1289 572 1353 omnino
595 1309 662 1352 non
684 1289 754 1352 erit.

263 1422 275 1461 ι
379 1393 546 1460 Praeclare
569 1393 655 1459 enim
683 1399 734 1458 est
760 1395 823 1462 hoc
851 1399 1042 1479 usurpatum
1065 1417 1085 1459 a
1108 1396 1319 1480 doctissimis,
1349 1419 1487 1480 quorum
1515 1419 1575 1483 ego

290 1503 482 1567 auctoritate
505 1522 573 1566 non
595 1504 717 1587 uterer,
745 1501 773 1566 si
796 1501 876 1566 mihi
900 1501 986 1584 apud
1009 1502 1137 1587 aliquos
1160 1507 1303 1589 agrestes
1326 1501 1406 1568 haec
1428 1503 1575 1569 habenda

290 1612 374 1673 esset
392 1610 511 1693 orati03
533 1629 608 1673 enm
625 1630 704 1673 uero
723 1609 809 1692 apud
827 1609 1096 1691 prudentissimos
1119 1607 1235 1692 loquar
1253 1608 1370 1692 quibus
1389 1608 1468 1674 haec
1486 1612 1576 1675 inau-

289 1714 357 1779 dita
383 1737 450 1780 non
477 1715 555 1798 sint,
585 1736 642 1780 cur
670 1737 731 1802 ego
759 1715 908 1781 simulem
936 1738 987 1781 me
1016 1717 1146 1799 siquid
1175 1715 1210 1781 in
1236 1716 1289 1780 his
1319 1716 1436 1783 studiis
1460 1739 1575 1800 operae

288 1821 452 1905 posuerim
476 1821 675 1905 perdidisse?
698 1858 743 1889 -,-
770 1821 925 1887 dictumst
952 1824 1054 1907 igitur
1081 1823 1121 1887 ab
1150 1823 1376 1888 eruditissimis
1403 1824 1483 1889 uiris
1510 1826 1574 1889 nisi

249 1959 275 1998 ιο
289 1929 467 2013 sapientem
491 1927 629 1993 liberum
652 1950 721 1993 esse
744 1929 914 1994 neminem.
953 1928 1037 2006 Quid
1060 1934 1109 1995 est
1132 1931 1218 1994 enim
1239 1930 1394 1995 libertas?
1431 1935 1574 2014 potestas
1594 1948 1629 1996 34

287 2034 421 2100 uiuendi
448 2037 485 2100 ut
513 2034 602 2099 uelis.
649 2036 721 2118 quis
742 2035 847 2121 'igitur
869 2034 955 2100 uiuit
981 2038 1019 2098 ut
1048 2037 1119 2100 uolt
1142 2036 1204 2100 nisi
1227 2039 1283 2120 qui
1306 2040 1394 2102 recta
1421 2039 1576 2121 sequitur,

289 2143 345 2226 qni
368 2142 488 2228 gaudet
507 2141 627 2224 officio,
649 2143 702 2206 cui
721 2141 853 2206 uiuendi
876 2140 930 2206 uia
949 2141 1151 2207 considerata
1169 2145 1266 2225 atque
1284 2145 1416 2226 prouisa
1436 2149 1496 2230 est,
1519 2146 1574 2228 qui

287 2272 327 2314 ne
355 2247 484 2335 legibus
513 2248 642 2332 quidem
666 2254 799 2333 propter
827 2252 950 2313 metum
978 2253 1070 2332 parat
1103 2251 1158 2314 sed
1186 2272 1239 2313 eas
1263 2251 1410 2333 sequitur
1433 2256 1465 2317 et
1495 2251 1575 2318 colit

287 2355 374 2440 quod
397 2355 430 2420 id
453 2356 595 2420 salutaro
614 2377 684 2420 esse
704 2355 842 2420 maxime
862 2357 992 2442 iudicat,
1015 2355 1071 2440 qui
1094 2356 1177 2421 nihil
1195 2357 1273 2422 dicit
1292 2357 1376 2422 nihil
1394 2359 1473 2424 facit
1490 2357 1573 2423 nihil

245 2493 271 2533 rs
286 2464 410 2549 cogitat
433 2462 569 2547 denique
592 2463 657 2527 nisi
679 2461 830 2527 lubenter
852 2487 890 2530 ac
912 2463 1027 2546 libere,
1055 2463 1145 2529 cuius
1169 2465 1277 2529 omnia
1301 2465 1435 2529 consilia
1458 2487 1574 2549 resque

286 2593 397 2635 omnes
421 2591 500 2654 quas
528 2571 613 2656 gerit
642 2569 682 2634 ab
713 2571 784 2654 ipso
812 2571 1061 2654 proficiscuntur
1088 2571 1263 2655 eodemque
1288 2572 1484 2658 referuntur,
1515 2595 1574 2638 nee

285 2682 335 2742 est
358 2677 425 2741 ulla
447 2698 498 2741 res
518 2699 599 2760 quae
622 2676 695 2760 plus
719 2675 804 2760 apud
828 2698 901 2741 eum
924 2676 1047 2760 polleat
1066 2699 1162 2761 quam
1181 2679 1283 2760 ipsius
1301 2678 1453 2743 uoluntas
1476 2682 1573 2763 atque

285 2785 454 2868 iudicium3
478 2786 529 2849 cui
554 2784 683 2867 quidem
706 2785 804 2849 etiam
830 2806 912 2868 quae
935 2783 1003 2848 nim
1026 2783 1144 2849 habere
1168 2784 1341 2849 maximam
1360 2785 1478 2850 dicitur
1495 2783 1573 2850 For-

284 2897 364 2956 tuna
386 2892 457 2974 ipsa
481 2891 579 2974 cedit,
609 2893 645 2975 si,
673 2894 710 2955 ut
739 2890 866 2974 sapiens
894 2895 990 2974 poeta
1011 2891 1106 2974 dixit,
1134 2893 1201 2955 suis
1229 2914 1266 2955 ea
1294 2893 1410 2976 cuique
1437 2893 1574 2978 fingitur

246 3025 272 3068 ro
286 2997 440 3064 moribus.
487 2997 547 3062 soli
572 2998 674 3084 igitur
696 2998 759 3062 hoc
786 2997 948 3083 contingit
976 2997 1128 3082 sapienti,
1156 3001 1193 3061 ut
1221 2997 1303 3063 nihil
1326 2998 1426 3063 faciat
1450 2999 1572 3063 inuitus

284 3105 367 3169 nihil
390 3104 501 3169 dolens
524 3104 608 3169 nihil
632 3093 772 3170 coactus
811 3103 904 3180 Quod
923 3106 985 3169 etsi
1008 3106 1056 3169 ita
1078 3127 1147 3170 esse
1170 3103 1319 3188 pluribus
1343 3106 1451 3169 uerbis
1475 3105 1572 3171 disse
1591 3121 1625 3170 39

341 3233 497 3240 .--—-...-.

374 3305 389 3352 3
416 3299 461 3352 his
483 3300 532 3384 Vm
689 3305 705 3352 8
731 3300 772 3383 iri
793 3316 855 3354 corr·
878 3307 908 3353 nt
930 3301 968 3353 sit
991 3300 1057 3352 sunt
1081 3300 1119 3353 M
1138 3299 1211 3353 Fnst
1363 3302 1511 3384 currslego
1539 3318 1573 3355 en

284 3371 621 3508 gubhhil'ihstllteublidAB
649 3388 757 3496 dictuiri
776 3372 922 3497 gratiam
1000 3386 1275 3510 opelrdaesnoelrmnzrapm
1291 3378 1337 3495 rid
1361 3371 1412 3425 ma
1437 3372 1475 3496 ll
1496 3444 1572 3497 recte

283 3532 389 3586 Ame
497 3532 631 3600 sequitur,
650 3532 727 3587 ared
740 3533 769 3585 A
787 3535 822 3585 ‹vt
836 3533 864 3585 B
882 3534 958 3584 u1u1t
975 3534 1007 3584 in
1024 3548 1073 3586 ras
1091 3552 1118 3583 ιν
1133 3532 1191 3598 fere
1209 3533 1307 3585 litteris
1324 3534 1467 3599 coposiore
1486 3533 1517 3596 V,
1541 3540 1573 3587 nt

283 3605 398 3658 dubium
416 3620 473 3657 non
490 3606 527 3657 sit
545 3606 612 3671 quin
632 3605 663 3657 in
681 3604 730 3657 boc
748 3620 852 3671 quoqne
869 3603 956 3669 fcerit
973 3602 1099 3671 leqmtur
1118 3603 1162 3669 (cf
1176 3603 1411 3670 defin.119‚25);
1429 3604 1476 3657 sed
1493 3605 1571 3658 ittam

282 3677 473 3736 correctionem
491 3681 620 3729 secnntnr
638 3676 689 3729 bm.
717 3691 783 3728 nam
802 3682 813 3727 t
830 3680 862 3727 nt
880 3690 930 3728 nos
948 3674 996 3728 sed
1013 3690 1075 3728 enm
1088 3691 1180 3740 eram,-
1199 3676 1248 3742 qni
1261 3672 1334 3741 qnod
1348 3676 1429 3728 telem
1441 3676 1498 3741 fere
1511 3691 1570 3728 sen-

283 3748 397 3801 tentiam
415 3763 442 3800 se
460 3748 555 3800 scribit
573 3752 712 3815 expectare
731 3744 786 3798 uisi
805 3746 853 3812 qui
873 3745 952 3798 reeta
968 3761 1019 3798 sua
1034 3748 1134 3814 sponte
1153 3745 1289 3814 sequitur,
1308 3762 1369 3799 cnm
1387 3748 1477 3814 ipsmn
1495 3749 1573 3814 sequi

281 3822 319 3872 sit
334 3820 526 3872 uoluntarium
541 3819 593 3871 isto
607 3817 795 3871 additamento
807 3817 891 3883 facite
909 3833 1039 3871 caremus.
1072 3818 1105 3884 ef
1114 3818 1255 3871 Ambrosii
1268 3820 1318 3885 qni
1329 3819 1419 3882 fertur
1432 3834 1524 3872 comm.
1540 3820 1570 3870 in

282 3891 358 3959 epist.
378 3890 416 3943 ad
436 3889 535 3943 Coloss.
554 3895 595 3955 4,1
617 3888 663 3941 cui
682 3886 839 3941 sententiae
858 3888 941 3954 (Gen.
957 3893 1017 3953 996
1036 3887 1204 3941 maledictus
1223 3905 1293 3955 puer
1312 3885 1454 3952 chanaan,
1474 3906 1570 3941 seruus

283 3977 426 4014 seruorum
446 3960 500 4015 erit
518 3958 654 4013 fratribus
673 3958 743 4026 suis)
767 3961 877 4013 ueteres
901 3961 1081 4013 assenserunt
1103 3959 1145 4011 ita
1167 3961 1201 4011 ut
1224 3958 1372 4012 definirent
1391 3976 1486 4012 omnes
1505 3977 1571 4027 pru-

283 4032 381 4086 dentes
401 4047 461 4085 esse
480 4029 596 4097 liberos,
621 4030 722 4084 stultos
742 4031 837 4085 autem
857 4047 953 4084 omnes
971 4046 1032 4083 esse
1050 4046 1158 4095 seruos,
1182 4030 1250 4099 quia
1268 4030 1391 4098 pnidens
1410 4030 1534 4084 abstinet
1553 4048 1570 4084 a

281 4103 420 4172 peccatis,
438 4104 471 4156 ut
490 4102 536 4155 hic
554 4103 693 4172 ingenuus
713 4101 751 4154 sit
769 4101 818 4170 qui
836 4104 932 4156 recta
952 4102 1122 4170 sequitur,
1143 4118 1239 4155 seruus
1258 4105 1354 4154 autem
1372 4100 1421 4169 qui
1435 4117 1486 4171 per
1500 4102 1569 4156 stul·

282 4174 365 4229 titiae
383 4173 605 4243 imprudentiam
624 4172 729 4227 subicit
748 4189 778 4227 se
796 4174 914 4242 peccato
1042 4178 1074 4226 13
1093 4175 1218 4226 me-tum
1237 4190 1271 4227 en
1289 4188 1333 4225 me
1352 4190 1416 4226 oum
1435 4173 1462 4226 A

282 4317 316 4354 ea
335 4300 376 4365 A,
395 4315 456 4354 corr
474 4298 564 4353 ealV
671 4304 704 4350 14
723 4263 811 4375 (fflllff
827 4268 858 4351 id
882 4300 913 4352 in
935 4300 1114 4353 commissero
1132 4300 1318 4369 popinarum,
1337 4300 1421 4365 prins
1438 4296 1476 4365 qd
1494 4299 1520 4363 ft
1538 4302 1570 4352 in

280 4385 1569 4529 119119999999911991199191199999199

281 4532 366 4585 dictis
385 4530 469 4585 factis
488 4530 677 4601 cogitatisque
682 4551 693 4597 ;
711 4532 829 4599 epitaph.
850 4529 917 4600 Lps.
937 4536 971 4583 42
992 4530 1081 4584 εἰπεῖν
1099 4529 1148 4583 καὶ
1162 4539 1269 4599 γνῶναι
1283 4530 1330 4583 καὶ
1343 4530 1458 4596 πρᾶξαι,
1476 4546 1568 4584 sacrm

281 4610 401 4658 mentnrn
426 4603 528 4656 editnm
553 4604 584 4656 in
613 4602 703 4657 ‘reone
725 4602 771 4655 des
794 4602 886 4656 itndes
907 4602 1043 4672 precenes'
1064 4620 1110 4654 xiv
1129 4606 1164 4654 98
1182 4618 1209 4655 ιι.
1226 4606 1258 4654 11
1280 4602 1324 4667 (ef
1339 4608 1371 4655 19
1390 4608 1416 4655 et
1434 4605 1480 4667 21)
1508 4601 1569 4671 u[ct

282 4673 378 4746 lipom
397 4672 470 4744 [ιι]αὶ
494 4672 576 4742 loyen
598 4673 648 4727 καὶ
670 4672 791 4743 γνώμη[ι
919 4678 952 4725 15
971 4672 1059 4727 lidere
1074 4690 1111 4741 pr
1129 4673 1157 4725 B
1285 4677 1317 4725 16
1336 4673 1496 4726 referuntur
1514 4674 1570 4727 dett

281 4766 337 4818 Aac
355 4783 375 4815 11
395 4762 523 4816 feruntur
540 4764 608 4817 ABt
631 4751 724 4816 ferunt
743 4780 776 4817 en
794 4764 848 4815 mut
868 4763 895 4815 V
935 4828 949 4856 0
1056 4766 1089 4814 18
1113 4760 1227 4828 quidem
1246 4778 1289 4815 om
1309 4763 1355 4826 Vt,
1370 4768 1434 4829 post
1447 4759 1472 4813 si
1490 4779 1516 4814 ιι.
1535 4766 1567 4815 19

281 4873 428 4939 transponi
446 4871 519 4924 iubet
537 4870 663 4925 Werthns
678 4887 706 4938 p.
723 4876 756 4923 35
868 4873 899 4921 19
920 4869 975 4935 siut
994 4869 1062 4922 ABt
1165 4874 1275 4935 poetam
1293 4886 1370 4935 quem
1388 4868 1464 4921 dicat
1481 4869 1568 4922 ineer-

281 4951 347 5008 tnrn,
362 4943 426 4996 nide
441 4941 618 4996 Ribbeckinm
631 4944 663 4995 in
672 4944 810 5009 palliatae
824 4958 857 4995 en
870 4943 923 4994 ine.
939 4942 993 4994 ine.
1008 4940 1064 5006 fab.
1075 4940 1110 5005 fr.
1123 4957 1194 5007 ux11;
1208 4942 1257 5006 qni
1270 4938 1343 5007 qnod
1356 4940 1568 4993 Lachmannnm

280 5018 312 5080 in
327 5014 410 5068 Lner.
422 5030 452 5083 p.
469 5018 502 5065 94
523 5013 611 5083 ‘apnd
626 5014 779 5067 Ciceronem
792 5011 916 5067 seribere’
933 5013 975 5065 ait
989 5010 1046 5064 suis
1061 5010 1177 5079 fingitur
1190 5009 1305 5064 fortuna
1319 5010 1419 5078 cuique
1433 5010 1567 5077 moribus,

281 5082 306 5140 is
325 5102 433 5140 rrersnm
448 5090 545 5153 poetae
562 5100 619 5138 non
640 5084 778 5138 Ciceronis
794 5085 879 5138 uerba
897 5084 987 5137 noluit
1004 5084 1143 5136 restituere
1287 5081 1393 5135 surlrea
1413 5083 1437 5151 [r
1455 5089 1487 5136 nt
1492 5082 1566 5165 jaid]

278 5192 348 5229 ees·
366 5192 375 5227 1
394 5180 426 5228 nt
440 5173 490 5228 nid
504 5174 532 5227 A
640 5188 741 5241 cuique
760 5171 897 5240 fungitur,
917 5188 932 5225 e
951 5187 1058 5226 encorr
1078 5166 1108 5225 nt
1123 5170 1216 5225 nidV
1322 5176 1354 5223 21
1375 5177 1423 5225 ee*
1439 5189 1472 5225 ex
1486 5172 1525 5224 eit
1545 5171 1572 5224 V

389 5254 587 5317 disserendum
607 5264 634 5316 Β
654 5261 714 5313 adu
734 5267 749 5314 e
767 5261 880 5315 AVnm
