3750 6475
762 1310 963 1382 EDITOR
991 1311 1034 1382 L.
1058 1312 1104 1382 B.
1129 1312 1162 1382 S.

409 1493 556 1551 Eduunts
574 1493 671 1560 liuius,
690 1493 774 1551 arius
791 1491 864 1549 mitti
882 1491 1084 1562 suscipiendae
1102 1495 1204 1550 auctor
1222 1497 1289 1550 ante
1306 1492 1358 1550 dos
1372 1510 1415 1549 x11
1433 1493 1493 1564 fere
1512 1507 1605 1549 auitos

317 1592 410 1650 rostitit
436 1591 588 1649 academia
617 1590 698 1663 repta
726 1589 902 1656 Borussiaa,
933 1590 965 1647 iu
995 1590 1107 1647 nuntiis
1137 1590 1348 1648 Teubneriam's
1377 1591 1483 1663 scripsi
1506 1591 1605 1662 primo

317 1688 457 1762 fasciculo
480 1705 525 1746 me
548 1687 720 1746 additurmu
748 1705 812 1745 eam
834 1687 1033 1759 praefationis
1055 1691 1172 1760 partem
1200 1705 1274 1760 quac
1300 1688 1340 1745 ad
1362 1687 1571 1746 Academicum
1593 1704 1605 1743 1

311 1789 479 1860 pertineret.
520 1789 623 1859 postea
652 1803 717 1844 cam
746 1788 879 1858 oupertus
905 1786 1059 1842 sensissem
1086 1787 1129 1843 ita
1158 1787 1224 1856 pert
1252 1803 1310 1843 non
1336 1803 1423 1858 posse
1453 1786 1524 1857 quia
1553 1782 1609 1843 aut

317 1885 525 1943 diuellereutur
547 1901 622 1958 quae
644 1885 720 1942 inter
742 1901 773 1942 se
796 1900 903 1942 conexa
923 1887 1015 1941 esseut
1033 1887 1086 1941 aut
1107 1884 1150 1941 tiis
1171 1884 1335 1942 dicerentur
1353 1901 1427 1955 auae
1444 1901 1504 1941 non
1522 1899 1605 1955 opor·

317 1987 398 2051 teret,
422 1984 556 2040 amistitui
579 1985 667 2040 totam
685 1983 902 2054 praefationem
921 1999 986 2039 erem
1006 1983 1087 2039 tertio
1105 1982 1245 2054 fasciculo
1265 1981 1359 2048 edere,
1378 1983 1516 2050 codicum,
1534 1997 1605 2055 quos

315 2084 349 2140 in
373 2083 474 2154 primo
497 2078 672 2139 Academico
695 2098 735 2136 Lx
762 2082 824 2152 fere
849 2096 971 2137 numero
999 2078 1116 2137 cottatos
1138 2080 1242 2147 trabea,
1268 2080 1440 2138 uniuersam
1462 2081 1605 2137 rationem

314 2181 390 2239 satis
407 2180 562 2252 perspicue
580 2179 692 2237 ostmdi
709 2181 793 2236 ratus
806 2195 839 2250 p.
856 2178 911 2244 33,
931 2177 1015 2234 errius
1032 2179 1227 2235 inueniendae
1245 2179 1370 2235 rationis
1388 2180 1470 2236 uiam
1489 2178 1605 2251 aperuit

315 2277 481 2336 Eduardus
508 2275 683 2335 Stroetetius
710 2278 945 2334 commentatione
967 2275 1109 2348 pititolopi
1140 2280 1214 2333 tomo
1236 2293 1278 2333 an
1305 2278 1424 2334 inserta.
1474 2293 1545 2334 nam
1572 2277 1604 2332 in

316 2378 415 2434 ceteris
437 2375 521 2433 tibris
544 2375 584 2432 ad
607 2391 654 2432 eos
677 2374 799 2442 codices,
829 2375 861 2430 iu
888 2374 993 2446 aeribus
1015 2375 1208 2432 receauouem
1225 2376 1356 2446 positam
1379 2391 1439 2432 esse
1462 2374 1603 2432 Halmius

316 2473 466 2540 intellexit,
475 2475 567 2545 pauci
586 2476 767 2531 accesserunt
781 2472 857 2545 iique
870 2471 991 2530 secundi
1005 2476 1058 2530 aut
1071 2473 1147 2531 tertii
1160 2472 1274 2531 ordinis
1280 2493 1291 2541 ;
1305 2474 1341 2530 de
1353 2473 1399 2530 tris
1413 2472 1603 2530 aestimandis

316 2572 343 2630 si
357 2573 422 2644 ouis
436 2575 558 2643 quaerat
570 2572 687 2628 iuterim
703 2568 814 2628 Odonis
827 2569 991 2642 Diccttoffi
1004 2571 1136 2628 consulat
1149 2571 1377 2628 dissertationem
1390 2569 1604 2642 Gottinpeusem

315 2685 539 2727 a.s11>cccxc1v
558 2669 666 2727 editam
686 2662 732 2727 ‘de
753 2667 900 2726 Ciceronis
919 2668 1002 2726 tibris
1020 2668 1056 2726 de
1072 2672 1183 2726 natura
1202 2669 1321 2726 deorum
1339 2663 1540 2727 recensendis'.

408 2765 584 2825 Gratiarum
607 2783 717 2839 quoque
741 2767 814 2825 aetio
837 2767 932 2824 maior
951 2770 991 2824 est
1009 2767 1060 2824 ttoc
1077 2768 1181 2838 spatio.
1219 2783 1310 2838 quare
1327 2784 1406 2824 nune
1424 2768 1496 2824 satis
1514 2767 1603 2823 tadeo

315 2882 361 2922 eos
385 2865 509 2923 taudare
532 2881 655 2937 auorum
676 2864 748 2922 miti
775 2881 864 2937 opera
891 2866 924 2922 iu
947 2863 1081 2937 piopriis
1108 2865 1285 2937 corripendrs
1312 2867 1356 2922 uti
1384 2865 1473 2923 licuit.
1519 2880 1603 2935 auem

314 2962 444 3020 tutorem
467 2961 556 3020 taedii
574 2963 697 3034 pteumu
720 2965 809 3021 amici
831 2979 942 3020 mecum
959 2963 1065 3035 partiti
1086 2966 1156 3020 sunt
1178 2963 1329 3036 Rudotfus
1352 2963 1487 3020 Hetmius
1511 2963 1602 3020 Bao-

314 3060 435 3118 iincusis
455 3059 580 3118 Carolus
594 3060 819 3132 Katbfteisaitius
833 3062 1062 3134 Marpurpensis
1078 3061 1229 3118 Ricardus
1247 3061 1476 3120 Reitreustdrtus
1490 3060 1602 3134 Arpan-

315 3159 454 3228 tinmsis;
465 3159 515 3230 qui
524 3159 705 3230 permultum
718 3159 789 3217 mitt
795 3160 976 3231 profuerant
986 3159 1128 3217 mouendo
1140 3159 1310 3232 eastipaudo
1322 3159 1457 3226 docendo,
1466 3158 1603 3216 Halmius

314 3274 384 3314 uero
402 3258 562 3328 praecipue
586 3273 620 3316 ea
642 3274 674 3315 re
697 3258 773 3331 qiud
799 3275 885 3329 saepe
908 3258 1043 3330 inspectis
1066 3258 1211 3316 thesauris
1234 3258 1476 3317 Berotineusitus
1500 3257 1602 3315 Rosta-

313 3354 456 3412 ctieusem
479 3354 621 3413 librorum
643 3357 804 3427 penuriam
831 3356 932 3429 aitqua
961 3372 996 3414 eu
1017 3360 1106 3428 parte
1134 3356 1311 3413 sirbteuauit.
1357 3357 1390 3412 in
1418 3354 1603 3413 adnotatione

313 3469 381 3510 eum
407 3451 518 3510 settedis
545 3454 615 3511 meis
642 3454 747 3512 iterum
775 3453 952 3526 eonferenda
976 3457 1093 3511 strenue
1120 3453 1326 3512 commilitones
1353 3454 1533 3511 ornatissimi
1557 3471 1603 3514 mc

313 3550 495 3608 adiuua‘unt
524 3550 719 3610 Guatttarius
745 3551 942 3610 Neumauuus
969 3551 1209 3609 Maaimitianus-
1230 3551 1429 3625 Wiepandtus.
1480 3550 1602 3624 denique

312 3649 420 3706 tonare
442 3649 519 3707 timu
541 3648 650 3707 tibrum
672 3651 834 3722 impertiuit
855 3649 1004 3708 Iotraunes
1030 3649 1177 3707 Votienus
1202 3650 1252 3707 air
1275 3649 1357 3707 etde
1380 3654 1496 3707 auctore
1519 3651 1545 3708 et
1567 3649 1602 3707 de

315 3746 421 3804 editore
444 3748 548 3819 optime
571 3749 704 3814 memtus,
732 3765 798 3806 cum
820 3764 880 3805 non
902 3748 997 3805 sotum
1014 3746 1155 3821 piaputas
1173 3747 1370 3820 perlustrauit
1391 3748 1481 3820 deque
1503 3747 1602 3806 mattis

313 3844 401 3902 rebus
426 3843 583 3916 adscripsit
609 3845 681 3917 auid
706 3848 825 3904 sentiret
851 3846 902 3905 sed
930 3846 1017 3905 etiam
1044 3850 1133 3903 totam
1160 3846 1235 3904 hanc
1262 3846 1414 3903 editionem
1439 3847 1486 3904 die
1509 3864 1541 3903 x1
1563 3864 1601 3904 m.

314 3938 445 4014 Aupasti
463 3959 490 3999 a.
505 3957 609 4009 acan,
628 3959 694 4001 oum
711 3945 985 4017 quinauapcsimum
1003 3961 1115 4001 annum
1128 3944 1322 4016 professionis
1337 3945 1519 4002 academicae
1533 3944 1601 4002 eete-

314 4039 429 4114 brmret,
452 4058 472 4098 a
494 4058 540 4097 me
562 4041 619 4099 sibi
641 4041 769 4099 obtutam
792 4043 912 4116 benique
935 4044 1050 4115 accepit.

405 4137 475 4196 Nou
503 4138 607 4196 desmit
634 4157 708 4212 quae
736 4144 789 4197 aut
814 4140 987 4212 corripeuda
1015 4140 1174 4198 uideautm·
1203 4143 1255 4197 aut
1281 4140 1432 4206 addenda,
1460 4157 1535 4211 quae
1562 4140 1602 4197 od

314 4234 421 4293 cateem
449 4238 535 4295 totius
562 4239 657 4309 operis
685 4238 750 4296 ticet
775 4240 897 4309 retiere-
923 4256 1003 4296 uunc
1029 4256 1122 4295 unum
1149 4239 1268 4296 monebo
1295 4238 1373 4309 quod
1392 4239 1518 4310 pronius
1542 4241 1601 4295 est:

314 4333 461 4392 udaeidit
479 4336 556 4393 euim
573 4337 667 4393 nescio
686 4354 742 4409 quo
761 4353 831 4395 casu
850 4336 927 4410 quod
945 4337 1126 4409 adscriptam
1145 4339 1207 4394 erat
1220 4336 1300 4406 adp.
1313 4336 1407 4409 43‚15
1424 4329 1536 4392 ‘anima
1549 4330 1599 4392 Γ’.

403 4430 541 4504 Superest
557 4436 590 4491 ut
608 4450 707 4492 urum
724 4436 867 4493 rationem
880 4451 1048 4507 proponam
1066 4452 1140 4507 auae
1158 4436 1252 4507 sipnis
1269 4438 1320 4491 aut
1334 4434 1509 4506 compendiis
1522 4434 1600 4491 indi·

314 4532 382 4586 eata
399 4530 502 4602 fallere
514 4532 632 4603 possint
651 4532 742 4606 tepent
773 4578 779 4590 .

253 4731 256 4737 .
352 4680 467 4735 Litteris
489 4683 633 4737 inclinatis
658 4700 690 4737 ea
715 4700 842 4751 supressa
865 4689 931 4737 sunt
1074 4683 1142 4753 add]
1162 4681 1285 4748 addidit,
1304 4683 1430 4736 additum

314 4767 386 4818 qaae
403 4752 536 4808 uidentur
554 4770 611 4808 uon
628 4757 715 4821 fuisse
733 4757 764 4809 in
777 4756 929 4825 archetypo.
1074 4754 1106 4819 ef
1136 4754 1295 4819 conferatur

351 4825 496 4880 asteriscus
505 4826 596 4880 uerbis
607 4826 745 4881 Ciceronis
753 4828 931 4895 interpositus
1074 4843 1099 4879 a
1130 4826 1244 4880 coreiecit

314 4894 448 4961 desectum
466 4897 585 4963 indicat,
604 4898 675 4951 idem
694 4899 725 4951 in
744 4900 867 4969 marpiue
881 4897 930 4953 ad·
1074 4898 1110 4967 cl]
1130 4898 1227 4951 eottato

313 4966 405 5033 piatus
418 4969 612 5036 corruptelam,
626 4970 658 5022 in
671 4970 848 5024 adnotatione
860 4970 931 5023 idem
1074 4969 1146 5039 corr]
1164 4973 1311 5022 comeatum
1329 4970 1360 5021 irs

315 5039 593 5105 anamferetitteram
603 5058 725 5107 erasam;
738 5041 810 5108 quod
824 5056 931 5095 erasum
1075 5040 1128 5110 det]
1148 5040 1249 5093 deleuit

315 5108 428 5163 uidetur
446 5110 613 5166 adscribitur
630 5112 710 5165 uncis
729 5112 765 5183 []
785 5113 928 5167 inclusum.
1074 5111 1140 5181 dett]
1160 5111 1302 5164 deumores
1320 5110 1423 5164 codices

352 5180 453 5234 lineola
478 5186 481 5249 Ι
524 5183 556 5235 in
587 5184 764 5237 adnotatione
800 5199 928 5237 uersuum
1073 5182 1177 5252 ecam]
1196 5199 1209 5235 e
1228 5182 1389 5236 commone

314 5250 462 5306 discrimen
480 5254 580 5323 sipnat.
1074 5254 1119 5323 eu]
1138 5259 1283 5308 comedam
1303 5270 1337 5307 en
