3750 6475
294 817 357 881 138
782 815 968 870 nvomnvs
988 821 1084 883 saraa
1481 819 1576 874 aum

287 985 397 1064 posset
419 981 466 1044 ita
489 1001 522 1043 se
542 1002 609 1044 rem
627 980 744 1043 habere
763 1000 867 1062 neque
886 1000 947 1062 ego
965 1001 1032 1043 non
1050 981 1105 1043 ita.
1134 981 1195 1045 Vos
1213 980 1329 1064 [enim]
1349 982 1446 1045 etiarn
1465 981 1575 1046 dicitis

287 1109 355 1151 esse
379 1108 396 1150 e
419 1087 549 1172 regione
572 1087 676 1169 nobis,
699 1109 716 1150 e
741 1087 901 1150 contraria
923 1089 1015 1169 parte
1038 1090 1141 1150 terrae
1169 1087 1226 1170 qui
1253 1087 1396 1152 aduersis
1424 1090 1575 1175 uestigiis

288 1197 373 1258 stent
396 1197 508 1258 contra
531 1196 641 1257 nostra
664 1192 811 1278 uestigia,
835 1213 916 1275 quos
940 1192 1109 1275 antipodas
1133 1195 1270 1257 uocatis:
1296 1215 1352 1258 our
1369 1194 1451 1258 mihi
1469 1196 1575 1281 magis

288 1301 479 1365 suscensetis
504 1301 559 1384 qui
588 1301 650 1364 ista
677 1320 743 1362 non
770 1321 924 1382 aspernor
951 1321 1048 1382 quam
1072 1301 1117 1363 eis
1146 1301 1202 1383 qui
1230 1322 1302 1365 curn
1330 1300 1466 1366 audiunt
1494 1301 1576 1366 desi-

257 1429 362 1492 spere
385 1429 444 1471 uos
468 1407 688 1470 arbitrantur?
734 1404 866 1470 Hicetas
886 1404 1084 1491 Syracosius,
1107 1409 1144 1470 ut
1167 1407 1213 1470 ait
1230 1405 1481 1493 Theophrastus,
1505 1431 1575 1474 cae-

285 1514 353 1578 lum
377 1513 477 1578 solem
500 1515 609 1577 lunam
633 1512 743 1577 stellas
768 1534 884 1596 supera
907 1511 1044 1596 denique
1072 1514 1180 1577 omnia
1208 1516 1292 1577 stare
1320 1518 1441 1600 censet,
1467 1538 1574 1599 neque

286 1625 413 1706 praeter
434 1625 552 1685 terram
577 1643 645 1685 rem
668 1620 768 1683 ullam
791 1620 824 1683 in
843 1618 964 1683 mundo
983 1621 1121 1704 moueri;
1145 1642 1318 1703 quaecum
1338 1622 1459 1687 circum
1479 1644 1572 1686 axem

286 1750 319 1792 se
343 1750 468 1793 summa
491 1727 654 1792 celeritate
678 1729 846 1791 conuertat
869 1729 901 1789 et
923 1729 1082 1809 torqueat,
1106 1726 1216 1791 eadem
1240 1728 1325 1792 effici
1348 1731 1456 1793 omnia
1479 1732 1573 1814 quasi

286 1839 390 1899 stante
413 1838 499 1899 terra
518 1834 640 1897 caelum
659 1837 851 1898 moueretur.
889 1837 985 1916 atque
1004 1834 1066 1898 hoc
1085 1834 1181 1898 etiam
1200 1833 1369 1900 Platonem
1388 1837 1422 1900 in
1440 1835 1571 1901 Timaeo

244 1968 271 2007 ro
287 1940 390 2006 dicere
419 1941 549 2025 quidam
579 1941 789 2025 arbitrantur,
817 1939 871 2003 sed
899 1941 997 2024 patulo
1026 1941 1201 2005 obscurius.
1248 1939 1332 2017 Quid
1361 1945 1397 2005 tu
1420 1942 1572 2026 Epicure,

283 2049 428 2131 loquere:
459 2052 553 2131 putas
577 2047 678 2111 solem
702 2068 770 2111 esse
794 2046 977 2111 tantulum?
1024 2047 1170 2134 ‘Egone?
1198 2047 1292 2113 nobis
1317 2049 1446 2133 quidem
1465 2076 1482 2109 a
1501 2053 1572 2115 tan-

284 2154 374 2220 tum'.
398 2154 442 2217 Et
460 2175 519 2219 uos
539 2154 578 2217 ab
602 2153 658 2217 illo
682 2153 863 2217 inridemini
887 2157 919 2217 et
943 2154 1006 2238 ipsi
1029 2154 1122 2219 illum
1145 2155 1288 2219 uicissim
1313 2155 1450 2220 eluditis.
1488 2157 1571 2222 liber

284 2263 386 2346 igitur
409 2285 427 2325 a
450 2263 508 2326 tali
531 2261 683 2326 inrisione
707 2259 864 2344 Socrates,
888 2260 970 2325 liber
992 2261 1102 2325 Aristo
1123 2261 1223 2326 Chius
1248 2263 1304 2345 qui
1327 2263 1409 2327 nihil
1432 2264 1570 2328 istorum

778 2525 1010 2580 ACADEMICVS
1029 2526 1067 2579 IV

374 2639 441 2685 1-3
458 2635 504 2701 (fr.
516 2639 562 2700 30)
574 2635 607 2686 N
609 2633 665 2687 oni
670 2650 707 2687 us
717 2650 747 2702 p.
758 2638 807 2686 102
823 2650 839 2687 e
852 2633 967 2703 regione
978 2633 1100 2701 positum
1110 2635 1196 2687 estex
1207 2634 1333 2688 aduerso.
1354 2633 1450 2687 Cicero
1459 2635 1569 2690 Acade-

282 2704 419 2758 micorum
437 2704 530 2758 lib.1v
550 2705 612 2758 ‘nec
631 2721 683 2774 ego
698 2721 754 2758 non
773 2703 821 2758 ita.
850 2721 900 2758 uos
919 2705 1023 2757 etiam.
1036 2747 1041 2757 .
1054 2749 1059 2758 .
1074 2705 1155 2758 nobis
1174 2704 1208 2757 in
1227 2706 1367 2758 contraria
1378 2747 1384 2759 .
1396 2748 1401 2759 .
1415 2751 1420 2759 .
1432 2707 1508 2760 stent
1526 2707 1570 2760 ad

283 2778 403 2829 contra
423 2776 472 2842 (ad
486 2778 582 2828 nostra
602 2777 753 2842 Mercerus)
768 2775 902 2844 uestigia’
1013 2781 1064 2828 2.3
1086 2778 1117 2842 cf
1129 2777 1293 2830 Lactantius
1306 2777 1364 2830 diu.
1380 2779 1443 2831 inst.
1458 2797 1492 2829 ιιι
1507 2782 1567 2846 24,1

283 2850 345 2916 epit.
354 2853 388 2900 34
399 2851 459 2915 (39)
471 2854 486 2900 2
498 2847 625 2900 homines
640 2847 689 2914 qui
703 2847 833 2916 uestigiis
847 2847 951 2900 nostris
965 2846 1090 2900 habeant
1105 2848 1224 2900 aduersa
1237 2848 1368 2918 uestigia.
1392 2848 1571 2919 Augustinus

280 2919 315 2972 de
333 2921 385 2973 ciu.
402 2920 459 2973 Dei
471 2923 547 2971 xv19
568 2917 718 2986 antipodas
738 2933 797 2971 esse
816 2961 821 2971 .
837 2960 842 2970 .
861 2917 892 2970 id
911 2920 955 2971 est
973 2917 1100 2972 homines
1119 2935 1136 2972 a
1156 2918 1296 2971 contraria
1314 2921 1395 2988 parte
1414 2921 1506 2974 torrae

281 2989 403 3043 aduersa
425 2989 545 3058 pedibus
569 2988 671 3042 nostris
695 2989 804 3042 calcare
825 2987 963 3059 uestigia,
992 2990 1118 3044 Isidorus
1141 2992 1363 3060 orip.1x2,133.
1401 2990 1516 3046 Seruius
1538 2993 1570 3045 in

289 3062 364 3131 Vera.
379 3078 467 3132 paura.
482 3080 493 3113 1
508 3065 561 3114 235

372 3317 386 3363 1
406 3311 496 3380 possit
513 3329 540 3365 m
648 3327 704 3364 non
723 3310 764 3364 ita
782 3328 833 3365 uos
853 3312 939 3364 etiam
959 3328 992 3365 ea
1010 3313 1104 3365 Nonio
1119 3312 1259 3365 Dauisius
1277 3328 1332 3364 uon
1346 3328 1422 3364 emm
1436 3312 1495 3365 etia
1510 3314 1568 3367 AB

283 3382 346 3436 Non
359 3398 394 3435 ne
409 3384 467 3435 et1a
481 3384 519 3437 N.
543 3382 619 3435 enim
632 3383 684 3436 uid
697 3400 786 3437 errore
798 3384 932 3453 scriptum
941 3398 994 3451 pro
1009 3383 1104 3448 etiarn,
1113 3384 1171 3436 nisi
1178 3382 1308 3450 fortcpro
1317 3383 1370 3436 hoc
1381 3384 1465 3449 (ch.
1478 3385 1568 3438 Mara

279 3454 320 3508 ad
338 3455 428 3508 Inicit.
444 3458 495 3507 378
511 3471 541 3521 p.
557 3458 621 3520 139)
767 3460 782 3507 2
805 3453 887 3507 nobis
905 3454 935 3507 in
956 3470 978 3507 c.
998 3471 1059 3508 nnn
1077 3455 1172 3508 Nonio
1193 3455 1248 3507 itm
1257 3473 1267 3519 ;
1286 3471 1300 3506 e
1323 3454 1464 3507 contraria
1485 3458 1567 3523 parte

281 3530 372 3579 terrae
395 3527 488 3579 atierm
510 3542 568 3579 non
592 3525 728 3579 Ciceronis
750 3526 919 3580 uidebantur
941 3525 1092 3590 Lambiuo,
1116 3526 1148 3579 dc
1170 3526 1228 3579 iltis
1246 3541 1262 3579 e
1280 3524 1395 3595 regione
1413 3525 1496 3579 nobis
1515 3528 1567 3580 du·

280 3598 387 3651 mdabat
406 3596 541 3651 Gruterus
649 3601 665 3648 4
684 3613 770 3664 quam
784 3597 824 3650 eis
839 3598 894 3651 dett
907 3597 980 3652 Rom
999 3597 1056 3650 Ven
1070 3603 1127 3664 qua
1141 3596 1189 3650 eos
1203 3597 1265 3651 AN
1276 3596 1410 3665 quameos
1421 3615 1455 3651 ea
1469 3614 1568 3667 quam-

280 3704 326 3755 ιιι
341 3711 372 3757 a
390 3702 441 3757 aaa
460 3704 487 3756 n
596 3709 611 3755 a
631 3703 678 3755 hle
697 3706 725 3757 ee
745 3702 835 3772 aum
855 3681 954 3756 dms
968 3704 1042 3772 Aa).
1074 3703 1110 3769 a.
1127 3709 1141 3755 1
1157 3702 1195 3755 n.
1305 3703 1516 3772 theophrastus,
1535 3705 1573 3758 Νι

281 3812 389 3875 iuras,
408 3810 466 3875 suit
484 3827 535 3861 mm
553 3811 581 3862 A
600 3775 684 3876 ‹otuin
702 3811 729 3864 B
749 3806 893 3863 theofrast'
916 3811 954 3862 N.
987 3810 1093 3878 physic.
1108 3811 1182 3878 apin.
1197 3810 1233 3875 fr.
1250 3815 1284 3861 18
1299 3811 1337 3864 D.
1454 3816 1469 3863 6
1490 3788 1569 3880 soii-a

279 3898 342 3935 cum
356 3898 403 3934 ras
417 3898 450 3934 aa
463 3879 532 3951 supa
546 3882 573 3934 B
589 3880 687 3949 supera
701 3883 732 3934 in
745 3897 793 3935 ras
806 3903 832 3934 a·
844 3881 899 3946 fere
914 3882 970 3945 litt,
990 3882 1021 3933 in
1035 3898 1090 3949 qua
1104 3881 1195 3934 nudie
1208 3881 1387 3950 agnoscebam
1401 3884 1457 3952 pA

281 3951 459 4017 starecenset,
474 3968 522 4006 ece
537 3952 605 4017 add,
620 3954 770 4007 maximam
780 3958 889 4020 partem
907 3954 939 4006 in
957 3968 1005 4005 ras
1023 3954 1051 4005 A
1160 3957 1173 4004 2
1197 3967 1251 4020 que
1271 3953 1304 4005 N
1320 3950 1386 4016 Quae
1406 3970 1439 4006 eac
1458 3951 1520 4017 Qua
1539 3954 1571 4007 F

281 4039 338 4091 qua
356 4024 412 4077 AB
521 4028 626 4088 senen,
646 4041 687 4076 c1r
701 4026 732 4077 in
746 4039 793 4076 ras
808 4024 835 4075 A
943 4028 959 4075 8
978 4024 1110 4090 torqueat
1128 4041 1144 4075 a
1160 4024 1259 4076 eadem
1279 4022 1306 4093 [t
1318 4025 1365 4078 sed
1386 4025 1488 4079 lineola
1503 4042 1569 4094 pcr-

279 4094 434 4217 breuisJPB
577 4110 649 4161 quae
674 4094 698 4148 si
721 4093 778 4147 Aid
801 4095 883 4160 ttmr,
910 4095 958 4149 sed
980 4096 1012 4160 cf
1030 4095 1063 4147 de
1086 4096 1134 4164 lep.
1153 4114 1175 4147 ιι
1194 4100 1272 4162 21,53
1296 4095 1375 4150 Laei.
1394 4100 1457 4160 4‚14

280 4170 297 4218 9
321 4166 351 4218 in
397 4163 488 4218 imaeo
510 4182 538 4234 p.
558 4167 643 4232 40B‚
667 4166 699 4231 cf
714 4166 834 4219 Zederus
852 4165 884 4219 de
898 4166 998 4235 pictos.
1021 4166 1116 4219 Graec.
1132 4185 1153 4217 ιι
1173 4172 1186 4218 1
1205 4182 1233 4234 p.
1249 4170 1302 4219 810
1323 4184 1350 4220 n.
1371 4167 1410 4221 ed.
1431 4186 1459 4219 ιν

282 4243 313 4291 11
335 4236 506 4305 egoneuobls
521 4237 578 4291 AB
597 4237 652 4306 Ego
672 4244 726 4290 ne?
745 4236 796 4289 uos
808 4237 841 4289 N
856 4244 963 4306 egone?
978 4252 1013 4290 ne
1027 4236 1071 4288 bis
1086 4238 1241 4291 Lambinus
1259 4239 1287 4291 to
1306 4253 1358 4306 ego
1377 4254 1412 4290 ne
1430 4238 1474 4291 bis
1492 4239 1569 4294 Orcl-

281 4310 336 4362 tius
360 4310 479 4375 (inuitus
501 4309 558 4362 nisi
580 4308 677 4376 fallor)
697 4326 752 4373 mr,
775 4310 825 4376 qui
847 4309 1004 4377 Epicurum
1027 4310 1126 4363 uolunt
1149 4309 1217 4361 ‘non
1235 4310 1360 4376 praecise
1383 4309 1497 4377 detinim
1520 4312 1568 4365 sed

280 4381 366 4434 latius
384 4379 612 4447 circumscribere,
631 4397 665 4433 ne
684 4381 725 4434 bis
738 4380 847 4447 quidem
861 4387 970 4435 tantum
983 4397 1050 4445 esse,
1063 4380 1111 4434 sed
1124 4381 1197 4434 inter
1208 4380 1333 4448 pedalem
1346 4382 1568 4451 mapnitudinem

278 4457 306 4505 et
324 4452 473 4520 bipedalem
492 4451 537 4518 (de
554 4452 744 4519 fin.16,20)':
762 4453 803 4505 ita
822 4451 929 4519 quidem
950 4452 1312 4521 Maduipiusemend.186.
1351 4458 1381 4505 at
1391 4454 1518 4521 primurn
1537 4454 1569 4507 id

281 4523 406 4590 Epicuro
424 4540 457 4576 ue
475 4524 567 4576 uisum
585 4524 757 4591 estquidam,
775 4524 822 4590 qui
835 4524 917 4577 sotem
926 4540 1006 4591 posse
1020 4525 1103 4576 etiam
1117 4525 1246 4577 minorem
1260 4539 1314 4577 asse
1323 4525 1470 4592 putauerit
1482 4541 1568 4593 quarn

279 4594 420 4647 uideretur
440 4596 608 4662 (p.113,3);
631 4601 688 4648 tum
710 4596 772 4662 quis
795 4596 837 4647 ita
859 4592 1021 4662 respondet?
1054 4593 1165 4648 debebat
1187 4599 1254 4647 certe
1277 4594 1390 4647 tantum
1413 4594 1459 4647 uel
1478 4595 1567 4663 paulo

279 4664 427 4731 maiorem,
451 4666 525 4718 certe
550 4682 605 4719 non
627 4665 671 4718 bis
695 4667 813 4717 tantum.
848 4683 881 4719 ne
900 4666 971 4719 illud
990 4666 1111 4733 quidem,
1130 4664 1203 4732 quood
1221 4666 1314 4718 Faber
1332 4668 1434 4731 uoluit,
1454 4674 1568 4735 egone?

280 4736 361 4789 nobis
380 4736 495 4804 quidem
513 4737 625 4789 tantum
639 4754 691 4805 per
708 4754 735 4790 se
752 4743 826 4791 stare
837 4742 939 4805 potest,
959 4738 1089 4804 quoniam
1108 4753 1164 4790 non
1178 4737 1209 4789 id
1222 4738 1366 4803 quaeritur
1372 4758 1382 4803 ,·
1395 4737 1443 4791 sed
1456 4746 1567 4807 accepta

280 4808 331 4861 atla
350 4808 535 4861 emendatione
552 4810 676 4876 suspicor
694 4809 828 4877 quaedam
847 4808 1016 4862 intercidisse
1034 4810 1066 4861 in
1083 4809 1156 4861 hunc
1175 4807 1284 4861 modum
1298 4809 1470 4874 conformata
1484 4808 1567 4862 nobis

279 4878 396 4946 quidem
417 4878 574 4944 tantulum,
598 4894 697 4947 reapse
719 4879 767 4931 uel
790 4879 875 4948 paulo
899 4878 1035 4932 maiorem
1058 4895 1143 4946 quam
1162 4878 1275 4931 uidetur
1296 4881 1346 4932 aut
1364 4880 1501 4933 minorem
1519 4880 1567 4933 uel

280 4951 405 5015 tantum,
423 4956 456 5004 ut
474 4952 560 5003 estin
579 4952 720 5017 Epicurea
738 4952 856 5018 epistula
870 4969 891 5001 11
907 4968 936 5018 p.
952 4955 1012 5015 39‚3
1035 4951 1077 5003 Vs.
1094 4952 1188 5020 (Diop.
1205 4950 1299 5004 Laert.
1315 4970 1332 5003 ι
1347 4955 1393 5018 91)
1417 4947 1448 5005 τὸ
1468 4952 1500 5005 δὲ
1519 4952 1566 5020 μέ-

280 5024 367 5091 γεθος
384 5018 464 5089 ἡλίου
547 5020 620 5074 κατὰ
639 5022 689 5090 μὲν
708 5018 739 5075 τὸ
758 5018 828 5088 πρὸς
851 5021 924 5090 ἡμᾶς
942 5018 1106 5089 τηλικοῦτόν
1125 5022 1198 5075 ἐστιν
1217 5019 1314 5109 ipiiuov
1333 5020 1477 5091 φαίνεται,
1492 5022 1567 5077 κατὰ

279 5093 311 5146 dt
330 5092 362 5145 τὸ
382 5091 454 5145 καθ’
475 5088 542 5146 aiut
560 5089 622 5161 ἤτοι
637 5096 730 5161 μεῖζον
743 5102 793 5147 τοῦ
809 5091 952 5161 ὁρωμένου
966 5090 983 5161 ἢ
998 5096 1086 5164 μικρῷ
1099 5092 1212 5147 ἔλαττον
1225 5112 1242 5160 η
1257 5096 1421 5161 τηλικοῦτον
1434 5093 1566 5164 τυγχάνει

372 5169 403 5214 12
429 5164 457 5216 et
479 5163 541 5234 uos]
565 5163 619 5229 s3r
652 5163 704 5217 uos
724 5165 758 5217 N
882 5168 914 5216 13
940 5165 970 5215 at
989 5164 1027 5217 ah
1051 5181 1112 5217 cum
1132 5180 1180 5218 ras
1198 5180 1231 5217 ea
1250 5165 1286 5217 ed
1305 5164 1344 5217 ah
1363 5166 1391 5218 B
1524 5182 1566 5219 an

279 5246 490 5337 sthochirssqm,
509 5288 528 5322 u
542 5272 622 5337 prior
636 5287 669 5325 ea
682 5287 717 5337 11,
736 5270 774 5324 se
788 5287 859 5336 corr,
874 5270 932 5335 fuit
945 5271 971 5336 ft
984 5269 1145 5338 wchlull'qul
1160 5272 1195 5323 A.
1222 5271 1259 5336 fr.
1275 5276 1326 5324 355
1342 5273 1414 5326 Ain.
